=LDR  02658cam a22005413  4500
=001  018593631
=003  Uk
=005  20230302120917.0
=007  cr\mn\024mpada
=008  880510|1573|||||||\\\\|s\\\\\|||\||lat\\
=FMT  \\$a  BK
=019  x\$a0860150135
=040  \\$aUk$cUk
=100  1\$aDorat, Jean,$d1508-1588.
=245  10$aMagnificentissimj spectaculi, a regina regum matre in hortis suburbanis editi, in Henrici Regis Poloniæ inuictissimi nuper renunciati gratulationem, descriptio. [With gratulatory verses in French by Ronsard and Jamyn.]
=264  \1$aParisiis :$bEx officina F. Morelli,$c1573.
=300  \\$c(4º)
=336  \\$atext$2rdacontent
=337  \\$acomputer$2rdamedia
=338  \\$aonline$2rdacarrier
=340  \\$m4to$2rdabf
=700  0\$aHenry$bIII,$cKing of France,$d1551-1589.$tAppendix. Biography. II. Separate events.
=700  1\$aJamyn, Amadis,$d-1592 or 1593.
=856  41$uhttp://books.google.co.uk/books?vid=BL:A0020253717$yGoogle_Books
=886  2\$2blmarc$a709$b00$aHENRY III., King of France$tAppendix$tBiography$tII. Separate events$p837.e.41.$x1452420106
=886  2\$2blmarc$a709$b00$aJAMYN$hAmadis$p837.e.41.$x1632730235
=883  0\$aLanguage codes assigned by Bayesian analysis of words present in record$d20201028$qUk$c0.9010
=859  \\$aXLD$bDCW
=859  \\$aXLD$bGOOGLEBOOKS
=852  4\$cDRT$jDigital Store 837.e.41.$aBritish Library$bHMNTS
=985  \\$aCorrected by BSS-generated file for WR# 11/211
=985  \\$aCorrected by MS generated file for WR# 1805-0738
=985  \\$aRecord amended for WR# 13/070
=985  \\$aUpgraded by BSS-generated file for WR2011-1472
=CAT  \\$aBATCH-DCW$b00$c20171108$lBLL01$h0200
=CAT  \\$a1805-0738$c20190111$lBLL01$h1807
=CAT  \\$a1805-0738$b00$c20190111$lBLL01$h1828
=CAT  \\$aW2011-1472$b00$c20201127$lBLL01$h1854
=CAT  \\$aBATCH-DCW$b00$c20230302$lBLL01$h1208
=FIN  \\$aY$d20171108
=LKR  \\$aPAR$lBLL01$r776$b000968311$mMagnificentissimj spectaculi, a regina regum matre in hortis suburbanis editi, in Henrici Regis Poloniæ inuictissimi nuper renunciati gratulationem, descriptio. [With gratulatory verses in French by Ronsard and Jamyn.]$nMagnificentissimj spectaculi, a regina regum matre in hortis suburbanis editi, in Henrici Regis Poloniæ inuictissimi nuper renunciati gratulationem, descriptio. [With gratulatory verses in French by Ronsard and Jamyn.]
=DGM  \\$a000968311$bCatBridge variable field
=DRT  \\$aDCW
=DRT  \\$aGOOGLEBOOKS
=SRC  \\$aDCW$bDCW_20230301
=SRC  \\$aGOOGLEBOOKS$bGoogleBooks_20171107
=OHC  \\$a1
=LAS  \\$aBATCH-DCW$b00$c20230302$lBLL01$h1208

