=LDR  02257cam a22005293  4500
=001  017607980
=003  Uk
=005  20230302120916.0
=007  cr\mn\024mpada
=008  871130|1574|||||||\\\\|s\\\\\|||\||ita\\
=FMT  \\$a  BK
=019  x\$a0244590133
=040  \\$aUk$cUk
=100  1\$aBenedetti, Rocco.
=245  10$aLe Feste et trionfi fatti dalla Sereniss. Signoria di Venetia nella felice venuta di Henrico III. christianiss. re di Francia et di Polonia.
=264  \1$aVenetia :$bAlla libraria della Stella,$c1574.
=300  \\$aff. 10 ;$c(4º)
=336  \\$atext$2rdacontent
=337  \\$acomputer$2rdamedia
=338  \\$aonline$2rdacarrier
=340  \\$m4to$2rdabf
=856  41$uhttp://books.google.co.uk/books?vid=BL:A0020429391$yGoogle_Books
=883  0\$aLanguage codes assigned by Bayesian analysis of words present in record$d20201028$qUk$c0.9010
=859  \\$aXLD$bDCW
=859  \\$aXLD$bGOOGLEBOOKS
=852  4\$cDRT$jDigital Store 811.e.61.$aBritish Library$bHMNTS
=852  4\$cDRT$jDigital Store 811.e.61.$aBritish Library$bHMNTS
=985  \\$aCorrected by MS generated file for WR# 1805-0738
=985  \\$aUpgraded by BSS-generated file for WR2011-1472
=CAT  \\$aBATCH-DCW$b00$c20151107$lBLL01$h0201
=CAT  \\$aBATCH-UPD$b00$c20151107$lBLL01$h0201
=CAT  \\$aWR14_057$b00$c20151129$lBLL01$h1955
=CAT  \\$aR1710-0956$b00$c20171026$lBLL01$h1827
=CAT  \\$a1805-0738$c20190104$lBLL01$h1819
=CAT  \\$a1805-0738$b00$c20190104$lBLL01$h1859
=CAT  \\$aW2011-1472$b00$c20201127$lBLL01$h1842
=CAT  \\$aBATCH-UPD$b00$c20220508$lBLL01$h2132
=CAT  \\$aBATCH-DCW$b00$c20230302$lBLL01$h1208
=FIN  \\$aY$d20151107
=LKR  \\$aPAR$lBLL01$r776$b000268270$mLe Feste et trionfi fatti dalla Sereniss. Signoria di Venetia nella felice venuta di Henrico III. christianiss. re di Francia et di Polonia.$nLe Feste et trionfi fatti dalla Sereniss. Signoria di Venetia nella felice venuta di Henrico III. christianiss. re di Francia et di Polonia.
=DGM  \\$a000268270$bCatBridge variable field
=DRT  \\$aDCW
=DRT  \\$aGOOGLEBOOKS
=SRC  \\$aDCW$bDCW_20230301
=SRC  \\$aGOOGLEBOOKS$bGoogleBooks_20151106
=OHC  \\$a1
=LAS  \\$aBATCH-DCW$b00$c20230302$lBLL01$h1208

