=LDR  02432cam a22005653  4500
=001  017608023
=003  Uk
=005  20230302120917.0
=007  cr\mn\024mpada
=008  880412|1520|||||||\\\\|s\\\\||||\||ger\\
=FMT  \\$a  BK
=019  x\$a0590210262
=040  \\$aUk$cUk
=240  10$aAppendix. Biography. II. Separate Events. 1519, 20. Election and Coronation at Aix-la-Chapelle
=245  10$aRömischer Künigklicher Maies. Krönung zu Ach geschehē.
=264  \1$a[Augsburg] :$bS. Grim & M. Wirsung,$c[1520]
=300  \\$c(4º)
=336  \\$atext$2rdacontent
=337  \\$acomputer$2rdamedia
=338  \\$aonline$2rdacarrier
=340  \\$m4to$2rdabf
=720  \\$aCHARLES V., Emperor$emain entry
=775  0\$t[Römischer Künigklicher Maies. Krönung zu Ach geschehē.]$w(Uk)MP1.0000699194.1$d[E. Öglin: Augsburg, 1520.] 4º.
=856  41$uhttp://books.google.co.uk/books?vid=BL:A0020429384$yGoogle_Books
=883  0\$aLanguage codes assigned by Bayesian analysis of words present in record$d20181024$qUk$c0.997
=859  \\$aXLD$bDCW
=859  \\$aXLD$bGOOGLEBOOKS
=852  4\$cDRT$jDigital Store 811.e.53.$aBritish Library$bHMNTS
=852  4\$cDRT$jDigital Store 811.e.53.$aBritish Library$bHMNTS
=985  \\$aCorrected by BSS-generated file for WR# 11/211
=985  \\$aDisaggregated record: Type B
=985  \\$aCorrected by MS generated file for WR# 1805-0738
=CAT  \\$aBATCH-DCW$b00$c20151107$lBLL01$h0201
=CAT  \\$aBATCH-UPD$b00$c20151107$lBLL01$h0202
=CAT  \\$aWR14_057$b00$c20151129$lBLL01$h1956
=CAT  \\$aR1710-0956$b00$c20171026$lBLL01$h1827
=CAT  \\$a1805-0738$c20190104$lBLL01$h1819
=CAT  \\$a1805-0738$b00$c20190104$lBLL01$h1859
=CAT  \\$aW1903-1550$b00$c20190614$lBLL01$h1901
=CAT  \\$aBATCH-DCW$b00$c20230302$lBLL01$h1208
=FIN  \\$aY$d20151107
=LKR  \\$aPAR$b000664121$r775$mRömischer Künigklicher Maies. Krönung zu Ach geschehē.$n[Römischer Künigklicher Maies. Krönung zu Ach geschehē.]
=LKR  \\$aPAR$lBLL01$r776$b000664120$mRömischer Künigklicher Maies. Krönung zu Ach geschehē.$nRömischer Künigklicher Maies. Krönung zu Ach geschehē.
=DGM  \\$a000664120$bCatBridge variable field
=DRT  \\$aDCW
=DRT  \\$aGOOGLEBOOKS
=SRC  \\$aDCW$bDCW_20230301
=SRC  \\$aGOOGLEBOOKS$bGoogleBooks_20151106
=OHC  \\$a1
=LAS  \\$aBATCH-DCW$b00$c20230302$lBLL01$h1208

