=LDR  02843cam a22005293  4500
=001  017608113
=003  Uk
=005  20230302120917.0
=007  cr\mn\024mpada
=008  881031|1551|||||||\\\\|s\\\\||||\||fre\\
=FMT  \\$a  BK
=019  x\$a1452400032
=040  \\$aUk$cUk
=245  10$aC'est la deduction du sumptueux ordre, plaisantz spectacles et magnifiques théatres dressés et exhibés par les citoiens de Roüen ... à ... Henry secõd ... et à ... Katharine de Medicis, la Royne son espouze ... Et ... les figures & pourtraictz des principaulx aornementz, etc.
=264  \1$aRouen,$c1551.
=300  \\$c(4º)
=336  \\$atext$2rdacontent
=337  \\$acomputer$2rdamedia
=338  \\$aonline$2rdacarrier
=340  \\$m4to$2rdabf
=700  0\$aCatherine de Médicis,$cQueen, consort of Henry II, King of France,$d1519-1589.$tAppendix. Biography.
=720  \\$aHenry$bII,$cKing of France,$d1519-1559.
=886  2\$2blmarc$a709$b00$aCATHARINE [de' Medici], Queen Consort of Henry II., King of France$tAppendix$tBiography$p811.d.26.$x0562310002
=856  41$uhttp://books.google.co.uk/books?vid=BL:A0020422811$yGoogle_Books
=883  0\$aLanguage codes assigned by Bayesian analysis of words present in record$d20181024$qUk$c0.997
=859  \\$aXLD$bDCW
=859  \\$aXLD$bGOOGLEBOOKS
=852  4\$cDRT$jDigital Store 811.d.26.$aBritish Library$bHMNTS
=852  4\$cDRT$jDigital Store 811.d.26.$aBritish Library$bHMNTS
=985  \\$aCorrected by BSS-generated file for WR# 10/107
=985  \\$aCorrected by MS generated file for WR# 1805-0738
=CAT  \\$aBATCH-DCW$b00$c20151107$lBLL01$h0201
=CAT  \\$aWR14_057$b00$c20151129$lBLL01$h1958
=CAT  \\$aR1710-0956$b00$c20171026$lBLL01$h1827
=CAT  \\$a1805-0738$c20190104$lBLL01$h1819
=CAT  \\$a1805-0738$b00$c20190104$lBLL01$h1859
=CAT  \\$aW1903-1550$b00$c20190614$lBLL01$h1901
=CAT  \\$aBATCH-DCW$b00$c20230302$lBLL01$h1208
=FIN  \\$aY$d20151107
=LKR  \\$aPAR$lBLL01$r776$b001653712$mC'est la deduction du sumptueux ordre, plaisantz spectacles et magnifiques théatres dressés et exhibés par les citoiens de Roüen ... à ... Henry secõd ... et à ... Katharine de Medicis, la Royne son espouze ... Et ... les figures & pourtraictz des principaulx aornementz, etc.$nC'est la deduction du sumptueux ordre, plaisantz spectacles et magnifiques théatres dressés et exhibés par les citoiens de Roüen ... à ... Henry secõd ... et à ... Katharine de Medicis, la Royne son espouze ... Et ... les figures & pourtraictz des principaulx aornementz, etc.
=DGM  \\$a001653712$bCatBridge variable field
=DRT  \\$aDCW
=DRT  \\$aGOOGLEBOOKS
=SRC  \\$aDCW$bDCW_20230301
=SRC  \\$aGOOGLEBOOKS$bGoogleBooks_20151106
=OHC  \\$a1
=LAS  \\$aBATCH-DCW$b00$c20230302$lBLL01$h1208

