=LDR  02083cam a22005053  4500
=001  017608260
=003  Uk
=005  20230302120917.0
=007  cr\mn\024mpada
=008  900522|1587|||||||\\\\|s\\\\\|||\||ita\\
=FMT  \\$a  BK
=019  x\$a3070930190
=040  \\$aUk$cUk
=100  1\$aSODERINI, Giovanni Vettorio.
=245  10$aBreve descrizione della pompa funerale fatta nelle essequie del Serenissimo D. Francesco Medici, II. Gran Duca di Toscana, etc.
=264  \1$aFiorenza,$c1587.
=300  \\$c(4º)
=336  \\$atext$2rdacontent
=337  \\$acomputer$2rdamedia
=338  \\$aonline$2rdacarrier
=340  \\$m4to$2rdabf
=856  41$uhttp://books.google.co.uk/books?vid=BL:A0020429328$yGoogle_Books
=883  0\$aLanguage codes assigned by Bayesian analysis of words present in record$d20181024$qUk$c0.997
=859  \\$aXLD$bDCW
=859  \\$aXLD$bGOOGLEBOOKS
=852  4\$cDRT$jDigital Store 811.d.51.$aBritish Library$bHMNTS
=852  4\$cDRT$jDigital Store 811.d.51.$aBritish Library$bHMNTS
=985  \\$aCorrected by BSS-generated file for WR# 10/107
=985  \\$aCorrected by MS generated file for WR# 1805-0738
=CAT  \\$aBATCH-DCW$b00$c20151107$lBLL01$h0201
=CAT  \\$aWR14_057$b00$c20151129$lBLL01$h2002
=CAT  \\$aR1710-0956$b00$c20171026$lBLL01$h1827
=CAT  \\$a1805-0738$c20190104$lBLL01$h1819
=CAT  \\$a1805-0738$b00$c20190104$lBLL01$h1859
=CAT  \\$aW1903-1550$b00$c20190614$lBLL01$h1901
=CAT  \\$aBATCH-DCW$b00$c20230302$lBLL01$h1208
=FIN  \\$aY$d20151107
=LKR  \\$aPAR$lBLL01$r776$b003432597$mBreve descrizione della pompa funerale fatta nelle essequie del Serenissimo D. Francesco Medici, II. Gran Duca di Toscana, etc.$nBreve descrizione della pompa funerale fatta nelle essequie del Serenissimo D. Francesco Medici, II. Gran Duca di Toscana, etc.
=DGM  \\$a003432597$bCatBridge variable field
=DRT  \\$aDCW
=DRT  \\$aGOOGLEBOOKS
=SRC  \\$aDCW$bDCW_20230301
=SRC  \\$aGOOGLEBOOKS$bGoogleBooks_20151106
=OHC  \\$a1
=LAS  \\$aBATCH-DCW$b00$c20230302$lBLL01$h1208

