=LDR  02107cam a22005173  4500
=001  017620417
=003  Uk
=005  20230302120917.0
=007  cr\mn\024mpada
=008  880927|1527|||||||\\\\|s\\\\||||\||ger\\
=FMT  \\$a  BK
=019  x\$a1071550047
=040  \\$aUk$cUk
=245  10$aKünig Ferdinand zü Hungern unnd Beheim ... Einreytten und Krönung zu Stulweyssenburg in Hungern Anno 1527.
=264  \1$c1527.
=300  \\$c(4º)
=336  \\$atext$2rdacontent
=337  \\$acomputer$2rdamedia
=338  \\$aonline$2rdacarrier
=340  \\$m4to$2rdabf
=720  \\$aFERDINAND I., Emperor of Germany$emain entry
=856  41$uhttp://books.google.co.uk/books?vid=BL:A0020422780$yGoogle_Books
=883  0\$aLanguage codes assigned by Bayesian analysis of words present in record$d20201028$qUk$c0.9010
=859  \\$aXLD$bDCW
=859  \\$aXLD$bGOOGLEBOOKS
=852  4\$cDRT$jDigital Store 811.c.17.$aBritish Library$bHMNTS
=852  4\$cDRT$jDigital Store 811.c.17.$aBritish Library$bHMNTS
=985  \\$aCorrected by BSS-generated file for WR# 11/011
=985  \\$aCorrected by MS generated file for WR# 1805-0738
=985  \\$aUpgraded by BSS-generated file for WR2011-1472
=CAT  \\$aBATCH-DCW$b00$c20151119$lBLL01$h0201
=CAT  \\$aWR14_057$b00$c20151129$lBLL01$h1957
=CAT  \\$aR1710-0956$b00$c20171026$lBLL01$h1827
=CAT  \\$a1805-0738$c20190104$lBLL01$h1820
=CAT  \\$a1805-0738$b00$c20190104$lBLL01$h1859
=CAT  \\$aW2011-1472$b00$c20201127$lBLL01$h1842
=CAT  \\$aBATCH-DCW$b00$c20230302$lBLL01$h1208
=FIN  \\$aY$d20151119
=LKR  \\$aPAR$lBLL01$r776$b001217419$mKünig Ferdinand zü Hungern unnd Beheim ... Einreytten und Krönung zu Stulweyssenburg in Hungern Anno 1527.$nKünig Ferdinand zü Hungern unnd Beheim ... Einreytten und Krönung zu Stulweyssenburg in Hungern Anno 1527.
=DGM  \\$a001217419$bCatBridge variable field
=DRT  \\$aDCW
=DRT  \\$aGOOGLEBOOKS
=SRC  \\$aDCW$bDCW_20230301
=SRC  \\$aGOOGLEBOOKS$bGoogleBooks_20151118
=OHC  \\$a1
=LAS  \\$aBATCH-DCW$b00$c20230302$lBLL01$h1208

