=LDR  03929cam a22005893  4500
=001  017621377
=003  Uk
=005  20230302120917.0
=007  cr\mn\024mpada
=008  880805|1547|||||||\\\\|s\\\\||||\||fre\\
=FMT  \\$a  BK
=019  x\$a1140550039
=040  \\$aUk$cUk
=240  10$aAppendix
=245  10$aLe trespas, obseques & enterrement de tres hault, trespuissant, & tresmagnanime Francois ... Roy de France ... premier de ce nom ... Les deux sermons funebres prononcez esdictes obseques, l'ung a Nostre dame de Paris, l'autre a Sainct Denys en France [by P. Duchatel, Bishop of Orleans].
=264  \1$a[Paris],$c[1547]
=300  \\$c(8º)
=336  \\$atext$2rdacontent
=337  \\$acomputer$2rdamedia
=338  \\$aonline$2rdacarrier
=340  \\$m8vo$2rdabf
=700  1\$aDUCHATEL, Pierre,$csuccessively Bishop of Tulle, of Maçon, and of Orleans.
=720  \\$aFrancis$bI,$cKing of France,$d1494-1547.
=775  0\$t[Le trespas, obseques & enterrement de tres hault, trespuissant, & tresmagnanime Francois ... Roy de France ... premier de ce nom ... Les deux sermons funebres prononcez esdictes obseques, l'ung a Nostre dame de Paris, l'autre a Sainct Denys en France [by P. Duchatel, Bishop of Orleans].]$w(Uk)MP1.0001374178.1$nIn Gallandius (P.) Petri Castellani ... vita, etc. 1674. 8º.
=886  2\$2blmarc$a709$b00$aDUCHATEL$hPierre$fsuccessively Bishop of Tulle, of Maçon, and of Orleans$p811.c.32.$x0881010065
=856  41$uhttp://books.google.co.uk/books?vid=BL:A0020422789$yGoogle_Books
=883  0\$aLanguage codes assigned by Bayesian analysis of words present in record$d20181024$qUk$c0.997
=859  \\$aXLD$bDCW
=859  \\$aXLD$bGOOGLEBOOKS
=852  4\$cDRT$jDigital Store 811.c.32.$aBritish Library$bHMNTS
=852  4\$cDRT$jDigital Store 811.c.32.$aBritish Library$bHMNTS
=985  \\$aCorrected by BSS-generated file for WR# 10/138
=985  \\$aDisaggregated record: Type B
=985  \\$aCorrected by MS generated file for WR# 1805-0738
=CAT  \\$aBATCH-DCW$b00$c20151120$lBLL01$h0202
=CAT  \\$aBATCH-UPD$b00$c20151120$lBLL01$h0203
=CAT  \\$aWR14_057$b00$c20151129$lBLL01$h1957
=CAT  \\$aR1710-0956$b00$c20171026$lBLL01$h1827
=CAT  \\$a1805-0738$c20190104$lBLL01$h1820
=CAT  \\$a1805-0738$b00$c20190104$lBLL01$h1859
=CAT  \\$aW1903-1550$b00$c20190614$lBLL01$h1901
=CAT  \\$aBATCH-DCW$b00$c20230302$lBLL01$h1208
=FIN  \\$aY$d20151120
=LKR  \\$aPAR$b001305327$r775$mLe trespas, obseques & enterrement de tres hault, trespuissant, & tresmagnanime Francois ... Roy de France ... premier de ce nom ... Les deux sermons funebres prononcez esdictes obseques, l'ung a Nostre dame de Paris, l'autre a Sainct Denys en France [by P. Duchatel, Bishop of Orleans].$n[Le trespas, obseques & enterrement de tres hault, trespuissant, & tresmagnanime Francois ... Roy de France ... premier de ce nom ... Les deux sermons funebres prononcez esdictes obseques, l'ung a Nostre dame de Paris, l'autre a Sainct Denys en France [by P. Duchatel, Bishop of Orleans].]
=LKR  \\$aPAR$lBLL01$r776$b001305326$mLe trespas, obseques & enterrement de tres hault, trespuissant, & tresmagnanime Francois ... Roy de France ... premier de ce nom ... Les deux sermons funebres prononcez esdictes obseques, l'ung a Nostre dame de Paris, l'autre a Sainct Denys en France [by P. Duchatel, Bishop of Orleans].$nLe trespas, obseques & enterrement de tres hault, trespuissant, & tresmagnanime Francois ... Roy de France ... premier de ce nom ... Les deux sermons funebres prononcez esdictes obseques, l'ung a Nostre dame de Paris, l'autre a Sainct Denys en France [by P. Duchatel, Bishop of Orleans].
=DGM  \\$a001305326$bCatBridge variable field
=DRT  \\$aDCW
=DRT  \\$aGOOGLEBOOKS
=SRC  \\$aDCW$bDCW_20230301
=SRC  \\$aGOOGLEBOOKS$bGoogleBooks_20151119
=OHC  \\$a1
=LAS  \\$aBATCH-DCW$b00$c20230302$lBLL01$h1208

