=LDR  02118cam a22005173  4500
=001  017621426
=003  Uk
=005  20230302120917.0
=007  cr\mn\024mpada
=008  881031|1574|||||||\\\\|s\\\\||||\||ita\\
=FMT  \\$a  BK
=019  x\$a1452420165
=040  \\$aUk$cUk
=240  10$aAppendix. Biography. II. Separate events
=245  10$aLe allegrezze et solennità fatte in Cracovia ... nella coronatione del ... Re Enrico di Valois, etc. [Feb. 1574.]
=264  \1$a[Ferrara?],$c1574.
=300  \\$c(4º)
=336  \\$atext$2rdacontent
=337  \\$acomputer$2rdamedia
=338  \\$aonline$2rdacarrier
=340  \\$m4to$2rdabf
=720  \\$aHenry$bIII,$cKing of France,$d1551-1589.
=856  41$uhttp://books.google.co.uk/books?vid=BL:A0020429392$yGoogle_Books
=883  0\$aLanguage codes assigned by Bayesian analysis of words present in record$d20181024$qUk$c0.997
=859  \\$aXLD$bDCW
=859  \\$aXLD$bGOOGLEBOOKS
=852  4\$cDRT$jDigital Store 811.e.62.$aBritish Library$bHMNTS
=852  4\$cDRT$jDigital Store 811.e.62.$aBritish Library$bHMNTS
=985  \\$aCorrected by BSS-generated file for WR# 11/211
=985  \\$aCorrected by MS generated file for WR# 1805-0738
=CAT  \\$aBATCH-DCW$b00$c20151120$lBLL01$h0202
=CAT  \\$aWR14_057$b00$c20151129$lBLL01$h1958
=CAT  \\$aR1710-0956$b00$c20171026$lBLL01$h1827
=CAT  \\$a1805-0738$c20190104$lBLL01$h1820
=CAT  \\$a1805-0738$b00$c20190104$lBLL01$h1859
=CAT  \\$aW1903-1550$b00$c20190614$lBLL01$h1901
=CAT  \\$aBATCH-DCW$b00$c20230302$lBLL01$h1208
=FIN  \\$aY$d20151120
=LKR  \\$aPAR$lBLL01$r776$b001653754$mLe allegrezze et solennità fatte in Cracovia ... nella coronatione del ... Re Enrico di Valois, etc. [Feb. 1574.]$nLe allegrezze et solennità fatte in Cracovia ... nella coronatione del ... Re Enrico di Valois, etc. [Feb. 1574.]
=DGM  \\$a001653754$bCatBridge variable field
=DRT  \\$aDCW
=DRT  \\$aGOOGLEBOOKS
=SRC  \\$aDCW$bDCW_20230301
=SRC  \\$aGOOGLEBOOKS$bGoogleBooks_20151119
=OHC  \\$a1
=LAS  \\$aBATCH-DCW$b00$c20230302$lBLL01$h1208

