=LDR  02131cam a22005053  4500
=001  017631761
=003  Uk
=005  20230302120917.0
=007  cr\mn\024mpada
=008  891101|1534|||||||\\\\|s\\\\\|||\||ita\\
=FMT  \\$a  BK
=019  x\$a2510620142
=040  \\$aUk$cUk
=100  1\$aPENDAGLIA, Angelo.
=245  10$aLa solennissima creatione dello illustrissimo novo Duca de Ferrara per lo illustrissimo ... Principe el S.S. Don Hercule primo Duca de Sciartres.
=264  \1$a[Florence?],$c[1534]
=300  \\$c(4º)
=336  \\$atext$2rdacontent
=337  \\$acomputer$2rdamedia
=338  \\$aonline$2rdacarrier
=340  \\$m4to$2rdabf
=856  41$uhttp://books.google.co.uk/books?vid=BL:A0020429446$yGoogle_Books
=883  0\$aLanguage codes assigned by Bayesian analysis of words present in record$d20181024$qUk$c0.997
=859  \\$aXLD$bDCW
=859  \\$aXLD$bGOOGLEBOOKS
=852  4\$cDRT$jDigital Store 811.g.36.$aBritish Library$bHMNTS
=852  4\$cDRT$jDigital Store 811.g.36.$aBritish Library$bHMNTS
=985  \\$aCorrected by BSS-generated file for WR# 11/211
=985  \\$aCorrected by MS generated file for WR# 1805-0738
=CAT  \\$aBATCH-DCW$b00$c20151127$lBLL01$h0203
=CAT  \\$aWR14_057$b00$c20151129$lBLL01$h2001
=CAT  \\$aR1710-0956$b00$c20171026$lBLL01$h1827
=CAT  \\$a1805-0738$c20190104$lBLL01$h1820
=CAT  \\$a1805-0738$b00$c20190104$lBLL01$h1900
=CAT  \\$aW1903-1550$b00$c20190614$lBLL01$h1901
=CAT  \\$aBATCH-DCW$b00$c20230302$lBLL01$h1208
=FIN  \\$aY$d20151127
=LKR  \\$aPAR$lBLL01$r776$b002814403$mLa solennissima creatione dello illustrissimo novo Duca de Ferrara per lo illustrissimo ... Principe el S.S. Don Hercule primo Duca de Sciartres.$nLa solennissima creatione dello illustrissimo novo Duca de Ferrara per lo illustrissimo ... Principe el S.S. Don Hercule primo Duca de Sciartres.
=DGM  \\$a002814403$bCatBridge variable field
=DRT  \\$aDCW
=DRT  \\$aGOOGLEBOOKS
=SRC  \\$aDCW$bDCW_20230301
=SRC  \\$aGOOGLEBOOKS$bGoogleBooks_20151126
=OHC  \\$a1
=LAS  \\$aBATCH-DCW$b00$c20230302$lBLL01$h1208

