=LDR  01920cam a22004933  4500
=001  017657164
=003  Uk
=005  20231013094416.0
=007  cr\mn\024mpada
=008  890721|1667||||enk\\\\|s\\\\||||\||eng\\
=FMT  \\$a  BK
=019  x\$a1993110194
=040  \\$aUk$cUk
=110  1\$aLondon.
=240  10$aAppendix. Great Fire
=245  12$aA Short and Serious Narrative of Londons Fatal Fire ... A poem. As also Londons Lamentation to her Regardless Passengers.
=264  \1$aLondon :$bFor Peter Dring,$c1667.
=300  \\$a12 pages ;$c(4º)
=336  \\$atext$2rdacontent
=337  \\$acomputer$2rdamedia
=338  \\$aonline$2rdacarrier
=340  \\$m4to$2rdabf
=856  41$uhttp://books.google.com/books?vid=BL:A0020652610$yGoogle_Books
=859  \\$aXLD$bDCW
=859  \\$aXLD$bGOOGLEBOOKS
=852  4\$cDRT$jDigital Store 1465.b.35.$aBritish Library$bHMNTS
=985  \\$aUpgraded by BSS-generated file for WR1910-0531
=CAT  \\$aBATCH-DCW$b00$c20151209$lBLL01$h0202
=CAT  \\$aWR14_057$b00$c20160502$lBLL01$h1158
=CAT  \\$aR1710-0956$b00$c20171026$lBLL01$h1828
=CAT  \\$a1805-0738$c20190104$lBLL01$h1822
=CAT  \\$a1805-0738$b00$c20190104$lBLL01$h1901
=CAT  \\$aW1910-0531$b00$c20191108$lBLL01$h1829
=CAT  \\$aW1910-0531$b00$c20200417$lBLL01$h1902
=CAT  \\$aBATCH-DCW$b00$c20231013$lBLL01$h0944
=FIN  \\$aY$d20151209
=LKR  \\$aPAR$lBLL01$r776$b002251242$mA Short and Serious Narrative of Londons Fatal Fire ... A poem. As also Londons Lamentation to her Regardless Passengers.$nA Short and Serious Narrative of Londons Fatal Fire ... A poem. As also Londons Lamentation to her Regardless Passengers.
=DGM  \\$a002251242$bCatBridge variable field
=DRT  \\$aDCW
=DRT  \\$aGOOGLEBOOKS
=SRC  \\$aDCW$bDCW_20230920
=SRC  \\$aGOOGLEBOOKS$bGoogleBooks_20151208
=OHC  \\$a1
=LAS  \\$aBATCH-DCW$b00$c20231013$lBLL01$h0944

