=LDR  01788cam a22004933  4500
=001  017684194
=003  Uk
=005  20230302120917.0
=007  cr\mn\024mpada
=008  881229|1685||||enk\\\\|s\\\\||||\||eng\\
=FMT  \\$a  BK
=019  x\$a1631040197
=040  \\$aUk$cUk
=240  10$aAppendix. Biography. II. Separate events. Coronation. 23 April, 1685
=245  12$aA poem on the Coronation of ... James II. and ... Mary, etc.
=264  \1$a[London],$c1685.
=300  \\$c(4º)
=336  \\$atext$2rdacontent
=337  \\$acomputer$2rdamedia
=338  \\$aonline$2rdacarrier
=340  \\$m4to$2rdabf
=720  \\$aJames$bII,$cKing of England,$d1633-1701.
=856  41$uhttp://books.google.com/books?vid=BL:A0020755647$yGoogle_Books
=859  \\$aXLD$bDCW
=859  \\$aXLD$bGOOGLEBOOKS
=852  4\$cDRT$jDigital Store 605.e.40.$aBritish Library$bHMNTS
=985  \\$aUpgraded by BSS-generated file for WR1910-0531
=CAT  \\$aBATCH-DCW$b00$c20151231$lBLL01$h0203
=CAT  \\$aWR14_057$b00$c20160502$lBLL01$h1157
=CAT  \\$aR1710-0956$b00$c20171026$lBLL01$h1830
=CAT  \\$a1805-0738$c20190104$lBLL01$h1824
=CAT  \\$a1805-0738$b00$c20190104$lBLL01$h1903
=CAT  \\$aW1910-0531$b00$c20191108$lBLL01$h1830
=CAT  \\$aW1910-0531$b00$c20200417$lBLL01$h1902
=CAT  \\$aBATCH-DCW$b00$c20230302$lBLL01$h1208
=FIN  \\$aY$d20151231
=LKR  \\$aPAR$lBLL01$r776$b001845139$mA poem on the Coronation of ... James II. and ... Mary, etc.$nA poem on the Coronation of ... James II. and ... Mary, etc.
=DGM  \\$a001845139$bCatBridge variable field
=DRT  \\$aDCW
=DRT  \\$aGOOGLEBOOKS
=SRC  \\$aDCW$bDCW_20230301
=SRC  \\$aGOOGLEBOOKS$bGoogleBooks_20151230
=OHC  \\$a1
=LAS  \\$aBATCH-DCW$b00$c20230302$lBLL01$h1208

