=LDR  02073cam a22004933  4500
=001  017684261
=003  Uk
=005  20230302120917.0
=007  cr\mn\024mpada
=008  890411|1685|||||||\\\\|s\\\\||||\||fre\\
=FMT  \\$a  BK
=019  x\$a201048018X
=040  \\$aUk$cUk
=245  10$aLa brillante journée ou le Carrousel des Galans Maures entepris par le Dauphin avec la comparse, les courses, et des Madrigaux sur les Devises.
=264  \1$aParis,$c1685.
=300  \\$c(8º)
=336  \\$atext$2rdacontent
=337  \\$acomputer$2rdamedia
=338  \\$aonline$2rdacarrier
=340  \\$m8vo$2rdabf
=720  \\$aLouis,$cDauphin of France,$d1661-1711.
=856  41$uhttp://books.google.com/books?vid=BL:A0020755642$yGoogle_Books
=883  0\$aLanguage codes assigned by Bayesian analysis of words present in record$d20181024$qUk$c0.997
=859  \\$aXLD$bDCW
=859  \\$aXLD$bGOOGLEBOOKS
=852  4\$cDRT$jDigital Store 605.e.21.$aBritish Library$bHMNTS
=985  \\$aCorrected by BSS-generated file for WR# 10/107
=985  \\$aCorrected by MS generated file for WR# 1805-0738
=CAT  \\$aBATCH-DCW$b00$c20151231$lBLL01$h0203
=CAT  \\$aWR14_057$b00$c20160502$lBLL01$h1159
=CAT  \\$aR1710-0956$b00$c20171026$lBLL01$h1830
=CAT  \\$a1805-0738$c20190104$lBLL01$h1824
=CAT  \\$a1805-0738$b00$c20190104$lBLL01$h1903
=CAT  \\$aW1903-1550$b00$c20190614$lBLL01$h1903
=CAT  \\$aBATCH-DCW$b00$c20230302$lBLL01$h1208
=FIN  \\$aY$d20151231
=LKR  \\$aPAR$lBLL01$r776$b002265644$mLa brillante journée ou le Carrousel des Galans Maures entepris par le Dauphin avec la comparse, les courses, et des Madrigaux sur les Devises.$nLa brillante journée ou le Carrousel des Galans Maures entepris par le Dauphin avec la comparse, les courses, et des Madrigaux sur les Devises.
=DGM  \\$a002265644$bCatBridge variable field
=DRT  \\$aDCW
=DRT  \\$aGOOGLEBOOKS
=SRC  \\$aDCW$bDCW_20230301
=SRC  \\$aGOOGLEBOOKS$bGoogleBooks_20151230
=OHC  \\$a1
=LAS  \\$aBATCH-DCW$b00$c20230302$lBLL01$h1208

