=LDR  02051cam a22005173  4500
=001  017684496
=003  Uk
=005  20230302120917.0
=007  cr\mn\024mpada
=008  900806|1616|||||||\\\\|s\\\\\|||\||eng\\
=FMT  \\$a  BK
=019  x\$a3470350019
=040  \\$aUk$cUk
=100  10$aWeckherlin, Georg Rodolf,$d1584-1653.
=245  10$aTriumphall Shews set forth lately at Stutgart. Written first in German, and now in English.
=264  \1$aStutgart :$bJ. Wyrich Resslin,$c1616.
=300  \\$c(8º)
=336  \\$atext$2rdacontent
=337  \\$acomputer$2rdamedia
=338  \\$aonline$2rdacarrier
=340  \\$m8vo$2rdabf
=856  41$uhttp://books.google.com/books?vid=BL:A0020755602$yGoogle_Books
=883  0\$aLanguage codes assigned by Bayesian analysis of words present in record$d20200826$qUk$c0.9919
=859  \\$aXLD$bDCW
=859  \\$aXLD$bGOOGLEBOOKS
=852  4\$cDRT$jDigital Store 605.a.26.$aBritish Library$bHMNTS
=985  \\$aCorrected by BSS-generated file for WR# 11/211
=985  \\$aCorrected by MS generated file for WR# 1805-0738
=985  \\$aUpgraded by BSS-generated file for WR2009-0365
=CAT  \\$aBATCH-DCW$b00$c20151231$lBLL01$h0203
=CAT  \\$aBATCH-UPD$b00$c20151231$lBLL01$h0206
=CAT  \\$aWR14_057$b00$c20170504$lBLL01$h1839
=CAT  \\$aR1710-0956$b00$c20171026$lBLL01$h1830
=CAT  \\$a1805-0738$c20190104$lBLL01$h1824
=CAT  \\$a1805-0738$b00$c20190104$lBLL01$h1903
=CAT  \\$aW2009-0365$b00$c20200928$lBLL01$h1536
=CAT  \\$aBATCH-DCW$b00$c20230302$lBLL01$h1208
=FIN  \\$aY$d20151231
=LKR  \\$aPAR$lBLL01$r776$b003874639$mTriumphall Shews set forth lately at Stutgart. Written first in German, and now in English.$nTriumphall Shews set forth lately at Stutgart. Written first in German, and now in English.
=DGM  \\$a003874639$bCatBridge variable field
=DRT  \\$aDCW
=DRT  \\$aGOOGLEBOOKS
=SRC  \\$aDCW$bDCW_20230301
=SRC  \\$aGOOGLEBOOKS$bGoogleBooks_20151230
=OHC  \\$a1
=LAS  \\$aBATCH-DCW$b00$c20230302$lBLL01$h1208

