=LDR  02010cam a22005173  4500
=001  017697758
=003  Uk
=005  20230302120917.0
=007  cr\mn\024mpada
=008  871021|1654|||||||\\\\|s\\\\\|||\||ita\\
=FMT  \\$a  BK
=019  x\$a0053520041
=040  \\$aUk$cUk
=100  1\$aAllacci, Leone,$d1586-1669.
=240  10$aSingle Works
=245  10$aDel Viaggio della Signora D. Lucretia Barberina, Duchessa di Modena da Roma a Modena. Lettera, etc.
=264  \1$aGenova,$c1654.
=300  \\$a97 pages ;$c(4º)
=336  \\$atext$2rdacontent
=337  \\$acomputer$2rdamedia
=338  \\$aonline$2rdacarrier
=340  \\$m4to$2rdabf
=856  41$uhttp://books.google.com/books?vid=BL:A0020784156$yGoogle_Books
=883  0\$aLanguage codes assigned by Bayesian analysis of words present in record$d20181024$qUk$c0.997
=859  \\$aXLD$bDCW
=859  \\$aXLD$bGOOGLEBOOKS
=852  4\$cDRT$jDigital Store 1429.k.12.$aBritish Library$bHMNTS
=985  \\$aCorrected by MS generated file for WR# 1805-0738
=CAT  \\$aBATCH-DCW$b00$c20160107$lBLL01$h0203
=CAT  \\$aBATCH-UPD$b00$c20160107$lBLL01$h0203
=CAT  \\$aBATCH-UPD$b00$c20160321$lBLL01$h2055
=CAT  \\$aWR14_057$b00$c20160502$lBLL01$h1200
=CAT  \\$aR1710-0956$b00$c20171026$lBLL01$h1830
=CAT  \\$a1805-0738$c20190104$lBLL01$h1824
=CAT  \\$a1805-0738$b00$c20190104$lBLL01$h1904
=CAT  \\$aW1903-1550$b00$c20190614$lBLL01$h1903
=CAT  \\$aBATCH-DCW$b00$c20230302$lBLL01$h1208
=FIN  \\$aY$d20160107
=LKR  \\$aPAR$lBLL01$r776$b000052910$mDel Viaggio della Signora D. Lucretia Barberina, Duchessa di Modena da Roma a Modena. Lettera, etc.$nDel Viaggio della Signora D. Lucretia Barberina, Duchessa di Modena da Roma a Modena. Lettera, etc.
=DGM  \\$a000052910$bCatBridge variable field
=DRT  \\$aDCW
=DRT  \\$aGOOGLEBOOKS
=SRC  \\$aDCW$bDCW_20230301
=SRC  \\$aGOOGLEBOOKS$bGoogleBooks_20160106
=OHC  \\$a1
=LAS  \\$aBATCH-DCW$b00$c20230302$lBLL01$h1208

