=LDR  02209cam a22005053  4500
=001  017715824
=003  Uk
=005  20230302120917.0
=007  cr\mn\024mpada
=008  990507|1632|||||||\\\\|s\\\\\|||\||fre\\
=FMT  \\$a  BK
=019  x\$a2672250111
=040  \\$aUk$cUk
=100  1\$aPUGET DE LA SERRE, Jean.
=245  10$aHistoire curieuse de tout ce qui s'est passé à l'entree de la Reyne Mère (Marie de Medicis) du Roy treschrestien dans les villes des Pays Bas.
=264  \1$aAnvers,$c1632.
=300  \\$c(folio)
=336  \\$atext$2rdacontent
=337  \\$acomputer$2rdamedia
=338  \\$aonline$2rdacarrier
=340  \\$mfolio$2rdabf
=500  \\$aThere is also a half-title reading: "L'entrée de la Reyne Mere du Roy," etc.
=720  \\$aMarie de Médicis,$cQueen, consort of Henry IV, King of France,$d1573-1642.
=886  2\$2blmarc$a709$b00$aMARY [de' Medici], Queen Consort of Henry IV., King of France$p604.h.19.$x2140260410
=856  41$uhttp://books.google.com/books?vid=BL:A0020750977$yGoogle_Books
=859  \\$aXLD$bDCW
=859  \\$aXLD$bGOOGLEBOOKS
=852  4\$cDRT$jDigital Store 601.m.24.$aBritish Library$bHMNTS
=985  \\$aUpgraded by BSS-generated file for WR1910-0531
=CAT  \\$aBATCH-DCW$b00$c20160124$lBLL01$h1107
=CAT  \\$aWR14_057$b00$c20170504$lBLL01$h1839
=CAT  \\$aR1710-0956$b00$c20171026$lBLL01$h1831
=CAT  \\$a1805-0738$c20190104$lBLL01$h1825
=CAT  \\$a1805-0738$b00$c20190104$lBLL01$h1905
=CAT  \\$aW1910-0531$b00$c20200417$lBLL01$h1903
=CAT  \\$aBATCH-DCW$b00$c20230302$lBLL01$h1208
=FIN  \\$aY$d20160124
=LKR  \\$aPAR$lBLL01$r776$b003006201$mHistoire curieuse de tout ce qui s'est passé à l'entree de la Reyne Mère (Marie de Medicis) du Roy treschrestien dans les villes des Pays Bas.$nHistoire curieuse de tout ce qui s'est passé à l'entree de la Reyne Mère (Marie de Medicis) du Roy treschrestien dans les villes des Pays Bas.
=DGM  \\$a003006201$bCatBridge variable field
=DRT  \\$aDCW
=DRT  \\$aGOOGLEBOOKS
=SRC  \\$aDCW$bDCW_20230301
=SRC  \\$aGOOGLEBOOKS$bGoogleBooks_20160123
=OHC  \\$a1
=LAS  \\$aBATCH-DCW$b00$c20230302$lBLL01$h1208

