=LDR  02502cam a22005053  4500
=001  017732794
=003  Uk
=005  20230302120917.0
=007  cr\mn\024mpada
=008  910218|1574|||||||\\\\|s\\\\||||\||ita\\
=FMT  \\$a  BK
=019  x\$a3662000237
=040  \\$aUk$cUk
=245  10$aRagguaglio dell'entrata di Henrico III. Re di Francia et di Polonia nella città di Venetia, et delli superbissimi apparati, & cerimonie fatte da quella Republica nell'incontrare, riceuere, & honorare Sua Maestà.
=264  \1$aRoma :$bHeredi di Antonio Blado,$c1574.
=300  \\$aPages not numbered ;$c(4º)
=336  \\$atext$2rdacontent
=337  \\$acomputer$2rdamedia
=338  \\$aonline$2rdacarrier
=340  \\$m4to$2rdabf
=700  0\$aHenry$bIII,$cKing of France,$d1551-1589.$tAppendix. Biography. II. Separate Events.
=886  2\$2blmarc$a709$b00$aHENRY III., King of France$tAppendix$tBiography$tII. Separate Events$p1578/4885.$x3640790103
=856  41$uhttp://books.google.com/books?vid=BL:A0020911083$yGoogle_Books
=883  0\$aLanguage codes assigned by Bayesian analysis of words present in record$d20181024$qUk$c0.997
=859  \\$aXLD$bDCW
=859  \\$aXLD$bGOOGLEBOOKS
=852  4\$cDRT$jDigital Store 1578/4885.$aBritish Library$bHMNTS
=985  \\$aCorrected by MS generated file for WR# 11/211
=985  \\$aCorrected by MS generated file for WR# 1805-0738
=CAT  \\$aBATCH-DCW$b00$c20160205$lBLL01$h1419
=CAT  \\$aWR14_057$b00$c20160502$lBLL01$h1200
=CAT  \\$aR1710-0956$b00$c20171026$lBLL01$h1831
=CAT  \\$a1805-0738$c20190104$lBLL01$h1826
=CAT  \\$a1805-0738$b00$c20190104$lBLL01$h1905
=CAT  \\$aW1903-1550$b00$c20190614$lBLL01$h1903
=CAT  \\$aBATCH-DCW$b00$c20230302$lBLL01$h1208
=FIN  \\$aY$d20160205
=LKR  \\$aPAR$lBLL01$r776$b004076620$mRagguaglio dell'entrata di Henrico III. Re di Francia et di Polonia nella città di Venetia, et delli superbissimi apparati, & cerimonie fatte da quella Republica nell'incontrare, riceuere, & honorare Sua Maestà.$nRagguaglio dell'entrata di Henrico III. Re di Francia et di Polonia nella città di Venetia, et delli superbissimi apparati, & cerimonie fatte da quella Republica nell'incontrare, riceuere, & honorare Sua Maestà.
=DGM  \\$a004076620$bCatBridge variable field
=DRT  \\$aDCW
=DRT  \\$aGOOGLEBOOKS
=SRC  \\$aDCW$bDCW_20230301
=SRC  \\$aGOOGLEBOOKS$bGoogleBooks_20160204
=OHC  \\$a1
=LAS  \\$aBATCH-DCW$b00$c20230302$lBLL01$h1208

