=LDR  03064cam a22005653  4500
=001  017761889
=003  Uk
=005  20230302120917.0
=007  cr\mn\024mpada
=008  880412|1530|||||||\\\\|s\\\\||||\||ger\\
=FMT  \\$a  BK
=019  x\$a0590230174
=040  \\$aUk$cUk
=240  10$aAppendix. Biography. II. Separate Events. 22, 24 Feb. 1530. Double Coronation at Bologna
=245  10$aKeyserlicher Maiestat beyde krönung, deren die Erste am xxij. mit eyner Eysznen, Die ander am xxiiij. Februarij mit einer gulden kron zu Bononia. Im M.D.xxx. Jar geschehen sein.
=264  \1$c[1530]
=300  \\$c(4º)
=336  \\$atext$2rdacontent
=337  \\$acomputer$2rdamedia
=338  \\$aonline$2rdacarrier
=340  \\$m4to$2rdabf
=720  \\$aCHARLES V., Emperor$emain entry
=775  0\$t[Keyserlicher Maiestat beyde krönung, deren die Erste am xxij. mit eyner Eysznen, Die ander am xxiiij. Februarij mit einer gulden kron zu Bononia. Im M.D.xxx. Jar geschehen sein.]$w(Uk)MP1.0000699217.1$d[1530.] 4º.
=856  41$uhttp://books.google.com/books?vid=BL:A0020972341$yGoogle_Books
=883  0\$aLanguage codes assigned by Bayesian analysis of words present in record$d20201028$qUk$c0.9010
=859  \\$aXLD$bDCW
=859  \\$aXLD$bGOOGLEBOOKS
=852  4\$cDRT$jDigital Store 8072.aa.18.$aBritish Library$bHMNTS
=985  \\$aCorrected by BSS-generated file for WR# 11/011
=985  \\$aCorrected by MS generated file for WR# 1805-0738
=985  \\$aDisaggregated record: Type B
=985  \\$aUpgraded by BSS-generated file for WR2011-1472
=CAT  \\$aBATCH-DCW$b00$c20160307$lBLL01$h0201
=CAT  \\$aBATCH-UPD$b00$c20160307$lBLL01$h0202
=CAT  \\$aWR14_057$b00$c20170504$lBLL01$h1840
=CAT  \\$aR1710-0956$b00$c20171102$lBLL01$h1858
=CAT  \\$a1805-0738$c20190104$lBLL01$h1827
=CAT  \\$a1805-0738$b00$c20190104$lBLL01$h1906
=CAT  \\$aW2011-1472$b00$c20201127$lBLL01$h1845
=CAT  \\$aBATCH-DCW$b00$c20230302$lBLL01$h1208
=FIN  \\$aY$d20160307
=LKR  \\$aPAR$b000664148$r775$mKeyserlicher Maiestat beyde krönung, deren die Erste am xxij. mit eyner Eysznen, Die ander am xxiiij. Februarij mit einer gulden kron zu Bononia. Im M.D.xxx. Jar geschehen sein.$n[Keyserlicher Maiestat beyde krönung, deren die Erste am xxij. mit eyner Eysznen, Die ander am xxiiij. Februarij mit einer gulden kron zu Bononia. Im M.D.xxx. Jar geschehen sein.]
=LKR  \\$aPAR$lBLL01$r776$b000664147$mKeyserlicher Maiestat beyde krönung, deren die Erste am xxij. mit eyner Eysznen, Die ander am xxiiij. Februarij mit einer gulden kron zu Bononia. Im M.D.xxx. Jar geschehen sein.$nKeyserlicher Maiestat beyde krönung, deren die Erste am xxij. mit eyner Eysznen, Die ander am xxiiij. Februarij mit einer gulden kron zu Bononia. Im M.D.xxx. Jar geschehen sein.
=DGM  \\$a000664147$bCatBridge variable field
=DRT  \\$aDCW
=DRT  \\$aGOOGLEBOOKS
=SRC  \\$aDCW$bDCW_20230301
=SRC  \\$aGOOGLEBOOKS$bGoogleBooks_20160306
=OHC  \\$a1
=LAS  \\$aBATCH-DCW$b00$c20230302$lBLL01$h1208

