=LDR  02393cam a22004813  4500
=001  017781949
=003  Uk
=005  20230302120917.0
=007  cr\mn\024mpada
=008  881207|1559|||||||\\\\|s\\\\||||\||ita\\
=FMT  \\$a  BK
=019  x\$a1610280253
=040  \\$aUk$cUk
=245  10$aDiscorso e Particolar Notitia de le feste trionfi, pompe e giostre fatte in Francia, dopo la conclusion de la pace, nel sposar di Madama Elisabetta, primagenita del Re Christianissimo. Insieme con le pompe funerali dopo la morte di sua Maesta Christianissima.
=264  \1$aVenetia,$c1559.
=300  \\$c(4º)
=336  \\$atext$2rdacontent
=337  \\$acomputer$2rdamedia
=338  \\$aonline$2rdacarrier
=340  \\$m4to$2rdabf
=720  \\$aISABELLA [of Valois], Queen Consort of Philip II., King of Spain$emain entry
=856  41$uhttp://books.google.com/books?vid=BL:A0021082890$yGoogle_Books
=883  0\$aLanguage codes assigned by Bayesian analysis of words present in record$d20181024$qUk$c0.997
=859  \\$aXLD$bDCW
=859  \\$aXLD$bGOOGLEBOOKS
=852  4\$cDRT$jDigital Store 1059.d.30.$aBritish Library$bHMNTS
=985  \\$aCorrected by MS generated file for WR# 1805-0738
=CAT  \\$aBATCH-DCW$b00$c20160327$lBLL01$h0516
=CAT  \\$aWR14_057$b00$c20170504$lBLL01$h1840
=CAT  \\$aR1710-0956$b00$c20171102$lBLL01$h1858
=CAT  \\$a1805-0738$c20190104$lBLL01$h1828
=CAT  \\$a1805-0738$b00$c20190104$lBLL01$h1907
=CAT  \\$aW1903-1550$b00$c20190614$lBLL01$h1904
=CAT  \\$aBATCH-DCW$b00$c20230302$lBLL01$h1208
=FIN  \\$aY$d20160327
=LKR  \\$aPAR$lBLL01$r776$b001822209$mDiscorso e Particolar Notitia de le feste trionfi, pompe e giostre fatte in Francia, dopo la conclusion de la pace, nel sposar di Madama Elisabetta, primagenita del Re Christianissimo. Insieme con le pompe funerali dopo la morte di sua Maesta Christianissima.$nDiscorso e Particolar Notitia de le feste trionfi, pompe e giostre fatte in Francia, dopo la conclusion de la pace, nel sposar di Madama Elisabetta, primagenita del Re Christianissimo. Insieme con le pompe funerali dopo la morte di sua Maesta Christianissima.
=DGM  \\$a001822209$bCatBridge variable field
=DRT  \\$aDCW
=DRT  \\$aGOOGLEBOOKS
=SRC  \\$aDCW$bDCW_20230301
=SRC  \\$aGOOGLEBOOKS$bGoogleBooks_20160326
=OHC  \\$a1
=LAS  \\$aBATCH-DCW$b00$c20230302$lBLL01$h1208

