=LDR  02015cam a22004933  4500
=001  017799357
=003  Uk
=005  20230302120917.0
=007  cr\mn\024mpada
=008  880823|1697|||||||\\\\|s\\\\||||\||ger\\
=FMT  \\$a  BK
=019  x\$a1153350009
=040  \\$aUk$cUk
=245  10$aBericht von dem Königlichen Polnischen Einzug in Crackau, nebst andern Particularien aus selbigem Königreich.
=264  \1$a[Leipsic?],$c1697.
=300  \\$c(4º)
=336  \\$atext$2rdacontent
=337  \\$acomputer$2rdamedia
=338  \\$aonline$2rdacarrier
=340  \\$m4to$2rdabf
=720  \\$aFREDERICK AUGUSTUS I., Elector of Saxony and King of Poland$emain entry
=856  41$uhttp://books.google.com/books?vid=BL:A0021009809$yGoogle_Books
=883  0\$aLanguage codes assigned by Bayesian analysis of words present in record$d20181024$qUk$c0.997
=859  \\$aXLD$bDCW
=859  \\$aXLD$bGOOGLEBOOKS
=852  4\$cDRT$jDigital Store 8094.f.5.$aBritish Library$bHMNTS
=985  \\$aCorrected by BSS-generated file for WR# 11/211
=985  \\$aCorrected by MS generated file for WR# 1805-0738
=CAT  \\$aBATCH-DCW$b00$c20160407$lBLL01$h0201
=CAT  \\$aWR14_057$b00$c20170504$lBLL01$h1840
=CAT  \\$aR1710-0956$b00$c20171102$lBLL01$h1859
=CAT  \\$a1805-0738$c20190104$lBLL01$h1828
=CAT  \\$a1805-0738$b00$c20190104$lBLL01$h1907
=CAT  \\$aW1903-1550$b00$c20190614$lBLL01$h1904
=CAT  \\$aBATCH-DCW$b00$c20230302$lBLL01$h1208
=FIN  \\$aY$d20160407
=LKR  \\$aPAR$lBLL01$r776$b001316940$mBericht von dem Königlichen Polnischen Einzug in Crackau, nebst andern Particularien aus selbigem Königreich.$nBericht von dem Königlichen Polnischen Einzug in Crackau, nebst andern Particularien aus selbigem Königreich.
=DGM  \\$a001316940$bCatBridge variable field
=DRT  \\$aDCW
=DRT  \\$aGOOGLEBOOKS
=SRC  \\$aDCW$bDCW_20230301
=SRC  \\$aGOOGLEBOOKS$bGoogleBooks_20160406
=OHC  \\$a1
=LAS  \\$aBATCH-DCW$b00$c20230302$lBLL01$h1208

