=LDR  02929cam a22005413  4500
=001  017846761
=003  Uk
=005  20231013094416.0
=007  cr\mn\024mpada
=008  901122|1664||||enk\\\\|s\\\\\|||\||eng\\
=FMT  \\$a  BK
=019  x\$a3424950092
=040  \\$aUk$cUk
=100  1\$aW., W.
=245  14$aThe English and Dutch affairs displayed to the Life: both in matters of warr, state, and merchandise; how far the English engaged in their defence against the most potent monarchy of Spain; and how ill the Dutch have since requited the English for their extraordinary favours; ... By a true lover and asserter of his countries honour [signing himself W. W.]
=264  \1$aLondon,$c1664.
=300  \\$c(4º)
=336  \\$atext$2rdacontent
=337  \\$acomputer$2rdamedia
=338  \\$aonline$2rdacarrier
=340  \\$m4to$2rdabf
=710  1\$aEngland.$tAppendix. History and Politics. II. Chronological Series. 1664
=720  \\$aDUTCH AFFAIRS
=720  \\$aENGLISH AFFAIRS
=886  2\$2blmarc$a709$b00$aDUTCH AFFAIRS$p1103.f.12.$x0901270016
=886  2\$2blmarc$a709$b00$aENGLAND$tAppendix$tHistory and Politics$tII. Chronological Series$t1664$p1103.f.12.$x1003910173
=886  2\$2blmarc$a709$b00$aENGLISH AFFAIRS$p1103.f.12.$x1010280104
=856  41$uhttp://books.google.com/books?vid=BL:A0021211935$yGoogle_Books
=859  \\$aXLD$bDCW
=859  \\$aXLD$bGOOGLEBOOKS
=852  4\$cDRT$jDigital Store 1103.f.12.$aBritish Library$bHMNTS
=985  \\$aUpgraded by BSS-generated file for WR1910-0531
=CAT  \\$aBATCH-DCW$b00$c20160513$lBLL01$h0202
=CAT  \\$aWR14_057$b00$c20170504$lBLL01$h1841
=CAT  \\$aR1710-0956$b00$c20171102$lBLL01$h1859
=CAT  \\$a1805-0738$c20190104$lBLL01$h1829
=CAT  \\$a1805-0738$b00$c20190104$lBLL01$h1908
=CAT  \\$aW1910-0531$b00$c20191108$lBLL01$h1832
=CAT  \\$aBATCH-DCW$b00$c20231013$lBLL01$h0944
=FIN  \\$aY$d20160513
=LKR  \\$aPAR$lBLL01$r776$b003823908$mThe English and Dutch affairs displayed to the Life: both in matters of warr, state, and merchandise; how far the English engaged in their defence against the most potent monarchy of Spain; and how ill the Dutch have since requited the English for their extraordinary favours; ... By a true lover and asserter of his countries honour [signing himself W. W.]$nThe English and Dutch affairs displayed to the Life: both in matters of warr, state, and merchandise; how far the English engaged in their defence against the most potent monarchy of Spain; and how ill the Dutch have since requited the English for their extraordinary favours; ... By a true lover and asserter of his countries honour [signing himself W. W.]
=DGM  \\$a003823908$bCatBridge variable field
=DRT  \\$aDCW
=DRT  \\$aGOOGLEBOOKS
=SRC  \\$aDCW$bDCW_20230920
=SRC  \\$aGOOGLEBOOKS$bGoogleBooks_20160512
=OHC  \\$a1
=LAS  \\$aBATCH-DCW$b00$c20231013$lBLL01$h0944

