=LDR  02032cam a22005053  4500
=001  017874940
=003  Uk
=005  20230302120917.0
=007  cr\mn\024mpada
=008  890119|1550|||||||\\\\|s\\\\||||\||ita\\
=FMT  \\$a  BK
=019  x\$a1692370030
=040  \\$aUk$cUk
=100  0\$aJulius$bIII,$cPope,$d1487-1555.
=245  10$aLe Triomphali festi e giostre fatti nell'inclita Città di Bologna, ... per la creatione di N. S. Papa Giulio III.
=264  \1$aBologna,$c1550.
=300  \\$c(8º)
=336  \\$atext$2rdacontent
=337  \\$acomputer$2rdamedia
=338  \\$aonline$2rdacarrier
=340  \\$m8vo$2rdabf
=856  41$uhttp://books.google.com/books?vid=BL:A0021277903$yGoogle_Books
=883  0\$aLanguage codes assigned by Bayesian analysis of words present in record$d20181024$qUk$c0.997
=859  \\$aXLD$bDCW
=859  \\$aXLD$bGOOGLEBOOKS
=852  4\$cDRT$jDigital Store 9930.a.17.$aBritish Library$bHMNTS
=985  \\$aCorrected by BSS-generated file for WR# 10/107
=985  \\$aCorrected by MS generated file for WR# 1805-0738
=CAT  \\$aBATCH-DCW$b00$c20160611$lBLL01$h0202
=CAT  \\$aBATCH-UPD$b00$c20160611$lBLL01$h0202
=CAT  \\$aWR14_057$b00$c20170504$lBLL01$h1841
=CAT  \\$aR1710-0956$b00$c20171102$lBLL01$h1859
=CAT  \\$a1805-0738$c20190104$lBLL01$h1829
=CAT  \\$a1805-0738$b00$c20190104$lBLL01$h1908
=CAT  \\$aW1903-1550$b00$c20190614$lBLL01$h1905
=CAT  \\$aBATCH-DCW$b00$c20230302$lBLL01$h1208
=FIN  \\$aY$d20160611
=LKR  \\$aPAR$lBLL01$r776$b001911990$mLe Triomphali festi e giostre fatti nell'inclita Città di Bologna, ... per la creatione di N. S. Papa Giulio III.$nLe Triomphali festi e giostre fatti nell'inclita Città di Bologna, ... per la creatione di N. S. Papa Giulio III.
=DGM  \\$a001911990$bCatBridge variable field
=DRT  \\$aDCW
=DRT  \\$aGOOGLEBOOKS
=SRC  \\$aDCW$bDCW_20230301
=SRC  \\$aGOOGLEBOOKS$bGoogleBooks_20160610
=OHC  \\$a1
=LAS  \\$aBATCH-DCW$b00$c20230302$lBLL01$h1208

