=LDR  01875cam a22004933  4500
=001  017874972
=003  Uk
=005  20230302120917.0
=007  cr\mn\024mpada
=008  890426|1621||||it\\\\\|s\\\\\|||\||ita\\
=FMT  \\$a  BK
=019  x\$a2084240174
=040  \\$aUk$cUk
=100  1\$aMALATESTA, Melchior.
=245  10$aRacconto delle sontuose essequie fatte in Milano ... alla ... mem. di Filippo III., etc.
=264  \1$aMilano,$c1621.
=300  \\$c(4º)
=336  \\$atext$2rdacontent
=337  \\$acomputer$2rdamedia
=338  \\$aonline$2rdacarrier
=340  \\$m4to$2rdabf
=856  41$uhttp://books.google.com/books?vid=BL:A0021282914$yGoogle_Books
=883  0\$aLanguage codes assigned by Bayesian analysis of words present in record$d20181024$qUk$c0.997
=859  \\$aXLD$bDCW
=859  \\$aXLD$bGOOGLEBOOKS
=852  4\$cDRT$jDigital Store 9930.f.20.$aBritish Library$bHMNTS
=985  \\$aUpgraded by BSS-generated file for WR1910-0531
=CAT  \\$aBATCH-DCW$b00$c20160611$lBLL01$h0202
=CAT  \\$aWR14_057$b00$c20170504$lBLL01$h1841
=CAT  \\$aR1710-0956$b00$c20171102$lBLL01$h1859
=CAT  \\$a1805-0738$c20190104$lBLL01$h1829
=CAT  \\$a1805-0738$b00$c20190104$lBLL01$h1908
=CAT  \\$aW1903-1550$b00$c20190614$lBLL01$h1905
=CAT  \\$aW1910-0531$b00$c20191108$lBLL01$h1850
=CAT  \\$aBATCH-DCW$b00$c20230302$lBLL01$h1208
=FIN  \\$aY$d20160611
=LKR  \\$aPAR$lBLL01$r776$b002352832$mRacconto delle sontuose essequie fatte in Milano ... alla ... mem. di Filippo III., etc.$nRacconto delle sontuose essequie fatte in Milano ... alla ... mem. di Filippo III., etc.
=DGM  \\$a002352832$bCatBridge variable field
=DRT  \\$aDCW
=DRT  \\$aGOOGLEBOOKS
=SRC  \\$aDCW$bDCW_20230301
=SRC  \\$aGOOGLEBOOKS$bGoogleBooks_20160610
=OHC  \\$a1
=LAS  \\$aBATCH-DCW$b00$c20230302$lBLL01$h1208

