=LDR  02778cam a22005173  4500
=001  017875832
=003  Uk
=005  20230302120917.0
=007  cr\mn\024mpada
=008  880603|1622|||||||\\\\|s\\\\\|||\||ita\\
=FMT  \\$a  BK
=019  x\$a0272220310
=040  \\$aUk$cUk
=100  1\$aBERTAZZOLO, Gabriele.
=245  10$aBreue relatione dello sposalitio fatto della Serenissima Principessa Eleonora Gonzaga con la sacra Cesarea Maestà di Ferdinando II. Imperatore. Et appresso, delle feste, & superbi apparati fatti nelle sue imperiali nozze, così in Mantoua, come anco per il viaggio fino alla città d'Ispruch, etc.
=264  \1$aMantoua :$bA. & L. Osanna,$c1622.
=300  \\$a78 pages ;$c(8º)
=336  \\$atext$2rdacontent
=337  \\$acomputer$2rdamedia
=338  \\$aonline$2rdacarrier
=340  \\$m8vo$2rdabf
=720  \\$aELEANOR [Gonzaga], Empress Consort of Ferdinand II., Emperor of Germany
=886  2\$2blmarc$a709$b00$aELEANOR [Gonzaga], Empress Consort of Ferdinand II., Emperor of Germany$p9930.bbb.17.$x0931640008
=856  41$uhttp://books.google.com/books?vid=BL:A0021277944$yGoogle_Books
=883  0\$aLanguage codes assigned by Bayesian analysis of words present in record$d20181024$qUk$c0.997
=859  \\$aXLD$bDCW
=859  \\$aXLD$bGOOGLEBOOKS
=852  4\$cDRT$jDigital Store 9930.bbb.17.$aBritish Library$bHMNTS
=985  \\$aCorrected by BSS-generated file for WR# 11/211
=985  \\$aCorrected by MS generated file for WR# 1805-0738
=CAT  \\$aBATCH-DCW$b00$c20160612$lBLL01$h0203
=CAT  \\$aWR14_057$b00$c20170504$lBLL01$h1841
=CAT  \\$aR1710-0956$b00$c20171102$lBLL01$h1859
=CAT  \\$a1805-0738$c20190104$lBLL01$h1829
=CAT  \\$a1805-0738$b00$c20190104$lBLL01$h1908
=CAT  \\$aW1903-1550$b00$c20190614$lBLL01$h1905
=CAT  \\$aBATCH-DCW$b00$c20230302$lBLL01$h1208
=FIN  \\$aY$d20160612
=LKR  \\$aPAR$lBLL01$r776$b000298538$mBreue relatione dello sposalitio fatto della Serenissima Principessa Eleonora Gonzaga con la sacra Cesarea Maestà di Ferdinando II. Imperatore. Et appresso, delle feste, & superbi apparati fatti nelle sue imperiali nozze, così in Mantoua, come anco per il viaggio fino alla città d'Ispruch, etc.$nBreue relatione dello sposalitio fatto della Serenissima Principessa Eleonora Gonzaga con la sacra Cesarea Maestà di Ferdinando II. Imperatore. Et appresso, delle feste, & superbi apparati fatti nelle sue imperiali nozze, così in Mantoua, come anco per il viaggio fino alla città d'Ispruch, etc.
=DGM  \\$a000298538$bCatBridge variable field
=DRT  \\$aDCW
=DRT  \\$aGOOGLEBOOKS
=SRC  \\$aDCW$bDCW_20230301
=SRC  \\$aGOOGLEBOOKS$bGoogleBooks_20160611
=OHC  \\$a1
=LAS  \\$aBATCH-DCW$b00$c20230302$lBLL01$h1208

