=LDR  02229cam a22004933  4500
=001  017875907
=003  Uk
=005  20230302120917.0
=007  cr\mn\024mpada
=008  880927|1531|||||||\\\\|s\\\\||||\||ita\\
=FMT  \\$a  BK
=019  x\$a1071550004
=040  \\$aUk$cUk
=245  10$aCoronation del ... Principe Don Fernando, Re de Romani de Ungaria.  de Bohemia. c. Secondo el Raguaglio mandato al ... Cardinale de Santa Croce: de Aquisgrano alli XII. de Gienaro. 1531.
=264  \1$a[Florence?],$c[1531]
=300  \\$c(8º)
=336  \\$atext$2rdacontent
=337  \\$acomputer$2rdamedia
=338  \\$aonline$2rdacarrier
=340  \\$m8vo$2rdabf
=720  \\$aFERDINAND I., Emperor of Germany$emain entry
=856  41$uhttp://books.google.com/books?vid=BL:A0021277978$yGoogle_Books
=883  0\$aLanguage codes assigned by Bayesian analysis of words present in record$d20181024$qUk$c0.997
=859  \\$aXLD$bDCW
=859  \\$aXLD$bGOOGLEBOOKS
=852  4\$cDRT$jDigital Store 9930.cc.11.$aBritish Library$bHMNTS
=985  \\$aCorrected by BSS-generated file for WR# 11/211
=985  \\$aCorrected by MS generated file for WR# 1805-0738
=CAT  \\$aBATCH-DCW$b00$c20160612$lBLL01$h0203
=CAT  \\$aWR14_057$b00$c20170504$lBLL01$h1841
=CAT  \\$aR1710-0956$b00$c20171102$lBLL01$h1859
=CAT  \\$a1805-0738$c20190104$lBLL01$h1829
=CAT  \\$a1805-0738$b00$c20190104$lBLL01$h1908
=CAT  \\$aW1903-1550$b00$c20190614$lBLL01$h1905
=CAT  \\$aBATCH-DCW$b00$c20230302$lBLL01$h1208
=FIN  \\$aY$d20160612
=LKR  \\$aPAR$lBLL01$r776$b001217415$mCoronation del ... Principe Don Fernando, Re de Romani de Ungaria.  de Bohemia. c. Secondo el Raguaglio mandato al ... Cardinale de Santa Croce: de Aquisgrano alli XII. de Gienaro. 1531.$nCoronation del ... Principe Don Fernando, Re de Romani de Ungaria.  de Bohemia. c. Secondo el Raguaglio mandato al ... Cardinale de Santa Croce: de Aquisgrano alli XII. de Gienaro. 1531.
=DGM  \\$a001217415$bCatBridge variable field
=DRT  \\$aDCW
=DRT  \\$aGOOGLEBOOKS
=SRC  \\$aDCW$bDCW_20230301
=SRC  \\$aGOOGLEBOOKS$bGoogleBooks_20160611
=OHC  \\$a1
=LAS  \\$aBATCH-DCW$b00$c20230302$lBLL01$h1208

