=LDR  02122cam a22005053  4500
=001  017875921
=003  Uk
=005  20230302120917.0
=007  cr\mn\024mpada
=008  880805|1582|||||||\\\\|s\\\\||||\||fre\\
=FMT  \\$a  BK
=019  x\$a1140450190
=040  \\$aUk$cUk
=245  10$aL'Entree magnifique de Monseigneur Francoys ... Faicte en sa ... Ville de Gand le XXme d'Aoust, anno 1582. [By L. de Haere?]
=264  \1$aGand,$c1582.
=300  \\$c(4º)
=336  \\$atext$2rdacontent
=337  \\$acomputer$2rdamedia
=338  \\$aonline$2rdacarrier
=340  \\$m4to$2rdabf
=720  \\$aFRANCIS, Duke of Anjou and of Alençon, Son of Henry II., King of France$emain entry
=856  41$uhttp://books.google.com/books?vid=BL:A0021277980$yGoogle_Books
=883  0\$aLanguage codes assigned by Bayesian analysis of words present in record$d20200826$qUk$c0.9919
=859  \\$aXLD$bDCW
=859  \\$aXLD$bGOOGLEBOOKS
=852  4\$cDRT$jDigital Store 9930.cc.15.$aBritish Library$bHMNTS
=985  \\$aCorrected by BSS-generated file for WR# 10/107
=985  \\$aCorrected by MS generated file for WR# 1805-0738
=985  \\$aUpgraded by BSS-generated file for WR2009-0365
=CAT  \\$aBATCH-DCW$b00$c20160612$lBLL01$h0203
=CAT  \\$aWR14_057$b00$c20170504$lBLL01$h1841
=CAT  \\$aR1710-0956$b00$c20171102$lBLL01$h1859
=CAT  \\$a1805-0738$c20190104$lBLL01$h1829
=CAT  \\$a1805-0738$b00$c20190104$lBLL01$h1908
=CAT  \\$aW2009-0365$b00$c20200928$lBLL01$h1537
=CAT  \\$aBATCH-DCW$b00$c20230302$lBLL01$h1208
=FIN  \\$aY$d20160612
=LKR  \\$aPAR$lBLL01$r776$b001305224$mL'Entree magnifique de Monseigneur Francoys ... Faicte en sa ... Ville de Gand le XXme d'Aoust, anno 1582. [By L. de Haere?]$nL'Entree magnifique de Monseigneur Francoys ... Faicte en sa ... Ville de Gand le XXme d'Aoust, anno 1582. [By L. de Haere?]
=DGM  \\$a001305224$bCatBridge variable field
=DRT  \\$aDCW
=DRT  \\$aGOOGLEBOOKS
=SRC  \\$aDCW$bDCW_20230301
=SRC  \\$aGOOGLEBOOKS$bGoogleBooks_20160611
=OHC  \\$a1
=LAS  \\$aBATCH-DCW$b00$c20230302$lBLL01$h1208

