=LDR  02627cam a22005173  4500
=001  017875922
=003  Uk
=005  20230302120917.0
=007  cr\mn\024mpada
=008  880805|1608|||||||\\\\|s\\\\||||\||ita\\
=FMT  \\$a  BK
=019  x\$a1140460196
=040  \\$aUk$cUk
=245  10$aBreve descrittione della Battaglia Navale et del Castello de Fochi trionfali, fatti il dì 31 di Maggio 1608, sul Lago di Mantova ... nelle ... nozze del Principe di Mantova [Francis IV.] ... con ... D. Margarita di Savoia.
=264  \1$aMantova,$c1608.
=300  \\$c(8º)
=336  \\$atext$2rdacontent
=337  \\$acomputer$2rdamedia
=338  \\$aonline$2rdacarrier
=340  \\$m8vo$2rdabf
=720  \\$aFRANCIS IV. [Gonzaga], Duke of Mantua$emain entry
=720  \\$aMARY MARGARET [of Savoy], Daughter of Charles Emmanuel I., Duke of Savoy, Consort of Francis IV., Duke of Mantua
=886  2\$2blmarc$a709$b00$aMARY MARGARET [of Savoy], Daughter of Charles Emmanuel I., Duke of Savoy, Consort of Francis IV., Duke of Mantua$p9930.bbb.49.$x2140930339
=856  41$uhttp://books.google.com/books?vid=BL:A0021277961$yGoogle_Books
=883  0\$aLanguage codes assigned by Bayesian analysis of words present in record$d20181024$qUk$c0.997
=859  \\$aXLD$bDCW
=859  \\$aXLD$bGOOGLEBOOKS
=852  4\$cDRT$jDigital Store 9930.bbb.49.$aBritish Library$bHMNTS
=985  \\$aCorrected by BSS-generated file for WR# 10/107
=985  \\$aCorrected by MS generated file for WR# 1805-0738
=CAT  \\$aBATCH-DCW$b00$c20160612$lBLL01$h0203
=CAT  \\$aWR14_057$b00$c20170504$lBLL01$h1841
=CAT  \\$aR1710-0956$b00$c20171102$lBLL01$h1859
=CAT  \\$a1805-0738$c20190104$lBLL01$h1829
=CAT  \\$a1805-0738$b00$c20190104$lBLL01$h1908
=CAT  \\$aW1903-1550$b00$c20190614$lBLL01$h1905
=CAT  \\$aBATCH-DCW$b00$c20230302$lBLL01$h1208
=FIN  \\$aY$d20160612
=LKR  \\$aPAR$lBLL01$r776$b001305239$mBreve descrittione della Battaglia Navale et del Castello de Fochi trionfali, fatti il dì 31 di Maggio 1608, sul Lago di Mantova ... nelle ... nozze del Principe di Mantova [Francis IV.] ... con ... D. Margarita di Savoia.$nBreve descrittione della Battaglia Navale et del Castello de Fochi trionfali, fatti il dì 31 di Maggio 1608, sul Lago di Mantova ... nelle ... nozze del Principe di Mantova [Francis IV.] ... con ... D. Margarita di Savoia.
=DGM  \\$a001305239$bCatBridge variable field
=DRT  \\$aDCW
=DRT  \\$aGOOGLEBOOKS
=SRC  \\$aDCW$bDCW_20230301
=SRC  \\$aGOOGLEBOOKS$bGoogleBooks_20160611
=OHC  \\$a1
=LAS  \\$aBATCH-DCW$b00$c20230302$lBLL01$h1208

