=LDR  02292cam a22005173  4500
=001  017876264
=003  Uk
=005  20230302120917.0
=007  cr\mn\024mpada
=008  900618|1652|||||||\\\\|s\\\\||||\||ita\\
=FMT  \\$a  BK
=019  x\$a323462013X
=040  \\$aUk$cUk
=245  10$aArgomento della Theti. [The programme of a play of this name, written by Diamante Gabrielli for a performance in Mantua to celebrate the entry of the Archdukes of Austria.]
=264  \1$a[Mantua] :$bGli Osanna,$c[1652]
=300  \\$c(4º)
=336  \\$atext$2rdacontent
=337  \\$acomputer$2rdamedia
=338  \\$aonline$2rdacarrier
=340  \\$m4to$2rdabf
=700  1\$aGabrielli, Diamante.
=720  \\$aTHETIS$emain entry
=886  2\$2blmarc$a709$b00$aGABRIELLI$hDiamante$p9930.bbb.47.(2.)$x1182260284$x1182260284
=856  41$uhttp://books.google.com/books?vid=BL:A0021277957$yGoogle_Books
=883  0\$aLanguage codes assigned by Bayesian analysis of words present in record$d20201028$qUk$c0.9010
=859  \\$aXLD$bDCW
=859  \\$aXLD$bGOOGLEBOOKS
=852  4\$cDRT$jDigital Store 9930.bbb.47.(2.)$aBritish Library$bHMNTS
=985  \\$aCorrected by BSS-generated file for WR# 11/211
=985  \\$aCorrected by MS generated file for WR# 1805-0738
=CAT  \\$aBATCH-DCW$b00$c20160612$lBLL01$h0203
=CAT  \\$aWR14_057$b00$c20170504$lBLL01$h1841
=CAT  \\$aR1710-0956$b00$c20171102$lBLL01$h1859
=CAT  \\$a1805-0738$c20190104$lBLL01$h1829
=CAT  \\$a1805-0738$b00$c20190104$lBLL01$h1908
=CAT  \\$aW2201-1476$b00$c20220225$lBLL01$h1851
=CAT  \\$aBATCH-DCW$b00$c20230302$lBLL01$h1208
=FIN  \\$aY$d20160612
=LKR  \\$aPAR$lBLL01$r776$b003611071$mArgomento della Theti. [The programme of a play of this name, written by Diamante Gabrielli for a performance in Mantua to celebrate the entry of the Archdukes of Austria.]$nArgomento della Theti. [The programme of a play of this name, written by Diamante Gabrielli for a performance in Mantua to celebrate the entry of the Archdukes of Austria.]
=DGM  \\$a003611071$bCatBridge variable field
=DRT  \\$aDCW
=DRT  \\$aGOOGLEBOOKS
=SRC  \\$aDCW$bDCW_20230301
=SRC  \\$aGOOGLEBOOKS$bGoogleBooks_20160611
=OHC  \\$a1
=LAS  \\$aBATCH-DCW$b00$c20230302$lBLL01$h1208

