=LDR  02545cam a22005773  4500
=001  017880682
=003  Uk
=005  20230302120917.0
=007  cr\mn\024mpada
=008  880412|1539|||||||\\\\|s\\\\||||\||ita\\
=FMT  \\$a  BK
=019  x\$a0590260197
=040  \\$aUk$cUk
=240  10$aAppendix. Biography. II. Separate Events. 9 Dec. 1539. Visit to Poitiers
=245  10$a[La solenne et triomphante entrata de la Cesarea Maesta, nella Franza, con li superbi apparati, & Archi Triomphali, etc.]
=264  \1$c[1539]
=300  \\$c(4º)
=336  \\$atext$2rdacontent
=337  \\$acomputer$2rdamedia
=338  \\$aonline$2rdacarrier
=340  \\$m4to$2rdabf
=720  \\$aCHARLES V., Emperor$emain entry
=787  0\$tLa solenne et triomphante entrata de la Cesarea Maesta, nella Franza, con li superbi apparati, & Archi Triomphali, etc.$w(Uk)MP1.0000699254$d[1539.] 4º.
=856  41$uhttp://books.google.com/books?vid=BL:A0021277982$yGoogle_Books
=883  0\$aLanguage codes assigned by Bayesian analysis of words present in record$d20201028$qUk$c0.9010
=859  \\$aXLD$bDCW
=859  \\$aXLD$bGOOGLEBOOKS
=852  4\$cDRT$jDigital Store 9930.cc.18.$aBritish Library$bHMNTS
=985  \\$aCorrected by BSS-generated file for WR# 11/011
=985  \\$aCorrected by MS generated file for WR# 1805-0738
=985  \\$aDisaggregated record: Type B
=985  \\$aUpgraded by BSS-generated file for WR2011-1472
=985  \\$aCorrected by MS generated file for WR# 2206-0922 (250 field removed)
=CAT  \\$aBATCH-DCW$b00$c20160615$lBLL01$h0202
=CAT  \\$aBATCH-UPD$b00$c20160615$lBLL01$h0202
=CAT  \\$aWR14_057$b00$c20170504$lBLL01$h1841
=CAT  \\$aR1710-0956$b00$c20171102$lBLL01$h1859
=CAT  \\$a1805-0738$c20190104$lBLL01$h1829
=CAT  \\$a1805-0738$b00$c20190104$lBLL01$h1908
=CAT  \\$aW2011-1472$b00$c20201127$lBLL01$h1846
=CAT  \\$aW2206-0922$c20220615$lBLL01$h1713
=CAT  \\$aBATCH-DCW$b00$c20230302$lBLL01$h1208
=FIN  \\$aY$d20160615
=LKR  \\$aPAR$lBLL01$r776$b000664191$m[La solenne et triomphante entrata de la Cesarea Maesta, nella Franza, con li superbi apparati, & Archi Triomphali, etc.]$n[La solenne et triomphante entrata de la Cesarea Maesta, nella Franza, con li superbi apparati, & Archi Triomphali, etc.]
=DGM  \\$a000664191$bCatBridge variable field
=DRT  \\$aDCW
=DRT  \\$aGOOGLEBOOKS
=SRC  \\$aDCW$bDCW_20230301
=SRC  \\$aGOOGLEBOOKS$bGoogleBooks_20160614
=OHC  \\$a1
=LAS  \\$aBATCH-DCW$b00$c20230302$lBLL01$h1208

