=LDR  01984cam a22004813  4500
=001  017885386
=003  Uk
=005  20230302120917.0
=007  cr\mn\024mpada
=008  890411|1574|||||||\\\\|s\\\\\|||\||ita\\
=FMT  \\$a  BK
=019  x\$a2020200023
=040  \\$aUk$cUk
=100  1\$aLUCANGELI, Nicolo.
=245  10$aSuccessi del viaggio d'Henrico III. Re di Francia ... dalla sua partita di Craccovia fino al'arrivo in Turino: descritti de N. Lucangeli, etc.
=264  \1$aVinegia,$c1574.
=300  \\$c(4º)
=336  \\$atext$2rdacontent
=337  \\$acomputer$2rdamedia
=338  \\$aonline$2rdacarrier
=340  \\$m4to$2rdabf
=856  41$uhttp://books.google.com/books?vid=BL:A0021265239$yGoogle_Books
=883  0\$aLanguage codes assigned by Bayesian analysis of words present in record$d20181024$qUk$c0.997
=859  \\$aXLD$bDCW
=859  \\$aXLD$bGOOGLEBOOKS
=852  4\$cDRT$jDigital Store 9475.c.10.$aBritish Library$bHMNTS
=985  \\$aCorrected by MS generated file for WR# 1805-0738
=CAT  \\$aBATCH-DCW$b00$c20160620$lBLL01$h0202
=CAT  \\$aWR14_057$b00$c20170504$lBLL01$h1842
=CAT  \\$aR1710-0956$b00$c20171102$lBLL01$h1900
=CAT  \\$a1805-0738$c20190104$lBLL01$h1830
=CAT  \\$a1805-0738$b00$c20190104$lBLL01$h1909
=CAT  \\$aW1903-1550$b00$c20190614$lBLL01$h1905
=CAT  \\$aBATCH-DCW$b00$c20230302$lBLL01$h1208
=FIN  \\$aY$d20160620
=LKR  \\$aPAR$lBLL01$r776$b002275288$mSuccessi del viaggio d'Henrico III. Re di Francia ... dalla sua partita di Craccovia fino al'arrivo in Turino: descritti de N. Lucangeli, etc.$nSuccessi del viaggio d'Henrico III. Re di Francia ... dalla sua partita di Craccovia fino al'arrivo in Turino: descritti de N. Lucangeli, etc.
=DGM  \\$a002275288$bCatBridge variable field
=DRT  \\$aDCW
=DRT  \\$aGOOGLEBOOKS
=SRC  \\$aDCW$bDCW_20230301
=SRC  \\$aGOOGLEBOOKS$bGoogleBooks_20160619
=OHC  \\$a1
=LAS  \\$aBATCH-DCW$b00$c20230302$lBLL01$h1208

