=LDR  02217cam a22004933  4500
=001  017890996
=003  Uk
=005  20230302120917.0
=007  cr\mn\024mpada
=008  900821|1584|||||||\\\\|s\\\\||||\||ita\\
=FMT  \\$a  BK
=019  x\$a340277013X
=040  \\$aUk$cUk
=245  10$aDescrizione delle pompe e delle feste fatta nella venuta alla. Città di Firenze del Sereniss. Don Vincenzio Gonzaga ... per la Serenissima D. Leonora de Medici ... sua Consorte.
=264  \1$aFirenze :$bBartolommeo Sermartelli,$c1584.
=300  \\$c(4º)
=336  \\$atext$2rdacontent
=337  \\$acomputer$2rdamedia
=338  \\$aonline$2rdacarrier
=340  \\$m4to$2rdabf
=720  \\$aVINCENT I. [Gonzaga], Duke of Mantua$emain entry
=856  41$uhttp://books.google.com/books?vid=BL:A0021348551$yGoogle_Books
=883  0\$aLanguage codes assigned by Bayesian analysis of words present in record$d20181024$qUk$c0.997
=859  \\$aXLD$bDCW
=859  \\$aXLD$bGOOGLEBOOKS
=852  4\$cDRT$jDigital Store 10631.bb.62.$aBritish Library$bHMNTS
=985  \\$aCorrected by BSS-generated file for WR# 11/006
=985  \\$aCorrected by MS generated file for WR# 1805-0738
=CAT  \\$aBATCH-DCW$b00$c20160623$lBLL01$h0201
=CAT  \\$aWR14_057$b00$c20170504$lBLL01$h1842
=CAT  \\$aR1710-0956$b00$c20171102$lBLL01$h1900
=CAT  \\$a1805-0738$c20190104$lBLL01$h1830
=CAT  \\$a1805-0738$b00$c20190104$lBLL01$h1909
=CAT  \\$aW1903-1550$b00$c20190614$lBLL01$h1905
=CAT  \\$aBATCH-DCW$b00$c20230302$lBLL01$h1208
=FIN  \\$aY$d20160623
=LKR  \\$aPAR$lBLL01$r776$b003797592$mDescrizione delle pompe e delle feste fatta nella venuta alla. Città di Firenze del Sereniss. Don Vincenzio Gonzaga ... per la Serenissima D. Leonora de Medici ... sua Consorte.$nDescrizione delle pompe e delle feste fatta nella venuta alla. Città di Firenze del Sereniss. Don Vincenzio Gonzaga ... per la Serenissima D. Leonora de Medici ... sua Consorte.
=DGM  \\$a003797592$bCatBridge variable field
=DRT  \\$aDCW
=DRT  \\$aGOOGLEBOOKS
=SRC  \\$aDCW$bDCW_20230301
=SRC  \\$aGOOGLEBOOKS$bGoogleBooks_20160622
=OHC  \\$a1
=LAS  \\$aBATCH-DCW$b00$c20230302$lBLL01$h1208

