=LDR  02791cam a22005653  4500
=001  018025867
=003  Uk
=005  20230302120917.0
=007  cr\mn\024mpada
=008  880412|1540|||||||\\\\|s\\\\||||\||spa\\
=FMT  \\$a  BK
=019  x\$a0590260200
=040  \\$aUk$cUk
=240  10$aAppendix. Biography. II. Separate Events. 1 Jan. 1540. Entry into Paris
=245  10$aEl grāde y muy sumptuoso recibimiento que hizieron en la gran cibdad de Paris: al Inuictissimo Emperador y rey nuestro sen̄or. G.L.
=264  \1$c[1540]
=300  \\$c(4º)
=336  \\$atext$2rdacontent
=337  \\$acomputer$2rdamedia
=338  \\$aonline$2rdacarrier
=340  \\$m4to$2rdabf
=720  \\$aCHARLES V., Emperor$emain entry
=775  0\$t[El grāde y muy sumptuoso recibimiento que hizieron en la gran cibdad de Paris: al Inuictissimo Emperador y rey nuestro sen̄or. G.L.]$w(Uk)MP1.0000699255.1$dLeon de Francia, 1864. 4º.
=856  41$uhttp://books.google.com/books?vid=BL:A0021557339$yGoogle_Books
=883  0\$aLanguage codes assigned by Bayesian analysis of words present in record$d20200826$qUk$c0.9919
=859  \\$aXLD$bDCW
=859  \\$aXLD$bGOOGLEBOOKS
=852  4\$cDRT$jDigital Store C.62.c.10.$aBritish Library$bHMNTS
=985  \\$aCorrected by BSS-generated file for WR# 11/011
=985  \\$aCorrected by MS generated file for WR# 1805-0738
=985  \\$aDisaggregated record: Type B
=985  \\$aUpgraded by BSS-generated file for WR2009-0365
=CAT  \\$aBATCH-DCW$b00$c20160929$lBLL01$h0202
=CAT  \\$aBATCH-UPD$b00$c20160929$lBLL01$h0203
=CAT  \\$aWR14_057$b00$c20170504$lBLL01$h1845
=CAT  \\$aR1710-0956$b00$c20171102$lBLL01$h1903
=CAT  \\$a1805-0738$c20190104$lBLL01$h1834
=CAT  \\$a1805-0738$b00$c20190104$lBLL01$h1913
=CAT  \\$aW2009-0365$b00$c20200928$lBLL01$h1538
=CAT  \\$aBATCH-DCW$b00$c20230302$lBLL01$h1208
=FIN  \\$aY$d20160929
=LKR  \\$aPAR$b000664194$r775$mEl grāde y muy sumptuoso recibimiento que hizieron en la gran cibdad de Paris: al Inuictissimo Emperador y rey nuestro sen̄or. G.L.$n[El grāde y muy sumptuoso recibimiento que hizieron en la gran cibdad de Paris: al Inuictissimo Emperador y rey nuestro sen̄or. G.L.]
=LKR  \\$aPAR$lBLL01$r776$b000664193$mEl grāde y muy sumptuoso recibimiento que hizieron en la gran cibdad de Paris: al Inuictissimo Emperador y rey nuestro sen̄or. G.L.$nEl grāde y muy sumptuoso recibimiento que hizieron en la gran cibdad de Paris: al Inuictissimo Emperador y rey nuestro sen̄or. G.L.
=DGM  \\$a000664193$bCatBridge variable field
=DRT  \\$aDCW
=DRT  \\$aGOOGLEBOOKS
=SRC  \\$aDCW$bDCW_20230301
=SRC  \\$aGOOGLEBOOKS$bGoogleBooks_20160928
=OHC  \\$a1
=LAS  \\$aBATCH-DCW$b00$c20230302$lBLL01$h1208

