=LDR  02055cam a22004813  4500
=001  018089139
=003  Uk
=005  20230302120917.0
=007  cr\mn\024mpada
=008  880412|1530|||||||\\\\|s\\\\||||\||ger\\
=FMT  \\$a  BK
=019  x\$a0590230166
=040  \\$aUk$cUk
=240  10$aAppendix. Biography. II. Separate Events. 22, 24 Feb. 1530. Double Coronation at Bologna
=245  10$aHienach volgt Kaiserlich Maiestet Krönung. Geschehen inn Bononia. auff den vier vnd zwaintzigistenn tag Februarij. An Sanct Mathis tag.
=264  \1$a[Augsburg] :$b[P. Ulhart],$c1530.
=300  \\$c(4º)
=336  \\$atext$2rdacontent
=337  \\$acomputer$2rdamedia
=338  \\$aonline$2rdacarrier
=340  \\$m4to$2rdabf
=720  \\$aCHARLES V., Emperor$emain entry
=856  41$uhttp://books.google.co.uk/books?vid=BL:A0020367417$yGoogle_Books
=883  0\$aLanguage codes assigned by Bayesian analysis of words present in record$d20181024$qUk$c0.997
=859  \\$aXLD$bDCW
=859  \\$aXLD$bGOOGLEBOOKS
=852  4\$cDRT$jDigital Store 1315.c.28.$aBritish Library$bHMNTS
=985  \\$aCorrected by MS generated file for WR# 1805-0738
=CAT  \\$aBATCH-DCW$b00$c20161106$lBLL01$h0201
=CAT  \\$aR1710-0956$b00$c20171108$lBLL01$h1742
=CAT  \\$a1805-0738$c20190111$lBLL01$h1750
=CAT  \\$a1805-0738$b00$c20190111$lBLL01$h1817
=CAT  \\$aW1903-1550$b00$c20190614$lBLL01$h1908
=CAT  \\$aBATCH-DCW$b00$c20230302$lBLL01$h1208
=FIN  \\$aY$d20161106
=LKR  \\$aPAR$lBLL01$r776$b000664146$mHienach volgt Kaiserlich Maiestet Krönung. Geschehen inn Bononia. auff den vier vnd zwaintzigistenn tag Februarij. An Sanct Mathis tag.$nHienach volgt Kaiserlich Maiestet Krönung. Geschehen inn Bononia. auff den vier vnd zwaintzigistenn tag Februarij. An Sanct Mathis tag.
=DGM  \\$a000664146$bCatBridge variable field
=DRT  \\$aDCW
=DRT  \\$aGOOGLEBOOKS
=SRC  \\$aDCW$bDCW_20230301
=SRC  \\$aGOOGLEBOOKS$bGoogleBooks_20161105
=OHC  \\$a1
=LAS  \\$aBATCH-DCW$b00$c20230302$lBLL01$h1208

