=LDR  02698cam a22005053  4500
=001  018204223
=003  Uk
=005  20230302120917.0
=007  cr\mn\024mpada
=008  880412|1544|||||||\\\\|s\\\\||||\||ita\\
=FMT  \\$a  BK
=019  x\$a0590270206
=040  \\$aUk$cUk
=240  10$aAppendix. Biography. II. Separate Events. Oct.-Nov. 1544. Visit of Queen Eleanor to Brussels
=245  10$aLe littere de li honorati et superbi trionphi tra la Maesta Cesarea de L'Imperatore & el Christianissimo Re di Franza con el numero de li gran Signori Principi Duchi & Marchesi e Conti e Cauallieri ... el modo de le giostre superbe, e de le belle liuree fatte in la citta de Bruselles, etc.
=264  \1$aVenetia :$bStampato per P. Danza & Batista Compagni,$c[1544]
=300  \\$c(4º)
=336  \\$atext$2rdacontent
=337  \\$acomputer$2rdamedia
=338  \\$aonline$2rdacarrier
=340  \\$m4to$2rdabf
=720  \\$aCHARLES V., Emperor$emain entry
=720  \\$aFRANCIS I., King of France. Appendix
=856  41$uhttp://books.google.com/books?vid=BL:A0021074401$yGoogle_Books
=886  2\$2blmarc$a709$b00$aFRANCIS I., King of France$tAppendix$p1054.i.31.$x1140520059
=883  0\$aLanguage codes assigned by Bayesian analysis of words present in record$d20181024$qUk$c0.997
=859  \\$aXLD$bDCW
=859  \\$aXLD$bGOOGLEBOOKS
=852  4\$cDRT$jDigital Store 1054.i.31.$aBritish Library$bHMNTS
=985  \\$aCorrected by MS generated file for WR# 1805-0738
=CAT  \\$aBATCH-DCW$b00$c20170204$lBLL01$h1408
=CAT  \\$aR1710-0956$b00$c20171108$lBLL01$h1745
=CAT  \\$a1805-0738$c20190111$lBLL01$h1754
=CAT  \\$a1805-0738$b00$c20190111$lBLL01$h1820
=CAT  \\$aW1903-1550$b00$c20190614$lBLL01$h1910
=CAT  \\$aBATCH-DCW$b00$c20230302$lBLL01$h1208
=FIN  \\$aY$d20170204
=LKR  \\$aPAR$lBLL01$r776$b000664206$mLe littere de li honorati et superbi trionphi tra la Maesta Cesarea de L'Imperatore & el Christianissimo Re di Franza con el numero de li gran Signori Principi Duchi & Marchesi e Conti e Cauallieri ... el modo de le giostre superbe, e de le belle liuree fatte in la citta de Bruselles, etc.$nLe littere de li honorati et superbi trionphi tra la Maesta Cesarea de L'Imperatore & el Christianissimo Re di Franza con el numero de li gran Signori Principi Duchi & Marchesi e Conti e Cauallieri ... el modo de le giostre superbe, e de le belle liuree fatte in la citta de Bruselles, etc.
=DGM  \\$a000664206$bCatBridge variable field
=DRT  \\$aDCW
=DRT  \\$aGOOGLEBOOKS
=SRC  \\$aDCW$bDCW_20230301
=SRC  \\$aGOOGLEBOOKS$bGooglebooks_20170204_archive
=OHC  \\$a1
=LAS  \\$aBATCH-DCW$b00$c20230302$lBLL01$h1208

