=LDR  02967cam a22005293  4500
=001  018211881
=003  Uk
=005  20230302120917.0
=007  cr\mn\024mpada
=008  910218|1549|||||||\\\\|s\\\\||||\||ita\\
=FMT  \\$a  BK
=019  x\$a3660460125
=040  \\$aUk$cUk
=245  10$aL'ordine et gli articoli del torniamento impreso per la solennità del felicissimo incoronamento & entrata triomphante del ... Re Henrico secondo ... et della Regina sua sposa ... mandati da parte di S. Maesta a li signori della Corte del Parlamento di Parigi, & publicati per gli araldi di Francia, sopra la pietra di marmo del detto luogo; à di XVIII d'aprile M.D.XLIX.
=264  \1$c[1549?]
=300  \\$aPages not numbered ;$c(4º)
=336  \\$atext$2rdacontent
=337  \\$acomputer$2rdamedia
=338  \\$aonline$2rdacarrier
=340  \\$m4to$2rdabf
=720  \\$aHenry$bII,$cKing of France,$d1519-1559.
=720  \\$aORDINE$emain entry
=886  2\$2blmarc$a709$b00$aHENRY II., King of France$p1570/2398.$x3640790081
=856  41$uhttp://books.google.com/books?vid=BL:A0021099184$yGoogle_Books
=883  0\$aLanguage codes assigned by Bayesian analysis of words present in record$d20201028$qUk$c0.9010
=859  \\$aXLD$bDCW
=859  \\$aXLD$bGOOGLEBOOKS
=852  4\$cDRT$jDigital Store 1570/2398.$aBritish Library$bHMNTS
=985  \\$aCorrected by MS generated file for WR# 11/211
=985  \\$aCorrected by MS generated file for WR# 1805-0738
=985  \\$aUpgraded by BSS-generated file for WR2011-1472
=CAT  \\$aBATCH-DCW$b00$c20170204$lBLL01$h1410
=CAT  \\$aWR14_057$b00$c20170504$lBLL01$h1853
=CAT  \\$aR1710-0956$b00$c20171108$lBLL01$h1746
=CAT  \\$a1805-0738$c20190111$lBLL01$h1756
=CAT  \\$a1805-0738$b00$c20190111$lBLL01$h1821
=CAT  \\$aW2011-1472$b00$c20201127$lBLL01$h1851
=CAT  \\$aBATCH-DCW$b00$c20230302$lBLL01$h1208
=FIN  \\$aY$d20170204
=LKR  \\$aPAR$lBLL01$r776$b004074834$mL'ordine et gli articoli del torniamento impreso per la solennità del felicissimo incoronamento & entrata triomphante del ... Re Henrico secondo ... et della Regina sua sposa ... mandati da parte di S. Maesta a li signori della Corte del Parlamento di Parigi, & publicati per gli araldi di Francia, sopra la pietra di marmo del detto luogo; à di XVIII d'aprile M.D.XLIX.$nL'ordine et gli articoli del torniamento impreso per la solennità del felicissimo incoronamento & entrata triomphante del ... Re Henrico secondo ... et della Regina sua sposa ... mandati da parte di S. Maesta a li signori della Corte del Parlamento di Parigi, & publicati per gli araldi di Francia, sopra la pietra di marmo del detto luogo; à di XVIII d'aprile M.D.XLIX.
=DGM  \\$a004074834$bCatBridge variable field
=DRT  \\$aDCW
=DRT  \\$aGOOGLEBOOKS
=SRC  \\$aDCW$bDCW_20230301
=SRC  \\$aGOOGLEBOOKS$bGooglebooks_20170204_archive
=OHC  \\$a1
=LAS  \\$aBATCH-DCW$b00$c20230302$lBLL01$h1208

