=LDR  02629cam a22005293  4500
=001  018219206
=003  Uk
=005  20230302120917.0
=007  cr\mn\024mpada
=008  890403|1691|||||||\\\\|s\\\\||||\||dut\\
=FMT  \\$a  BK
=019  x\$a1782100261
=040  \\$aUk$cUk
=245  10$aKorte beschryvinge van d'eere poorten in 'sGravenhage opgeregt tot de receptie van William de III. Coningh van Groot Brittannien. Met alle de devysen en inscriptien ... in de Latijnse tale ... En de vertalinge van de selve in 't Neerduyts.
=264  \1$aAmsterdam :$bJacobus Robyn,$c1691.
=300  \\$aPages not numbered ;$c(4º)
=336  \\$atext$2rdacontent
=337  \\$acomputer$2rdamedia
=338  \\$aonline$2rdacarrier
=340  \\$m4to$2rdabf
=700  0\$aWilliam$bIII,$cKing of England,$d1650-1702.$tAppendix.
=720  \\$aKORTE BESCHRIJVING$emain entry
=886  2\$2blmarc$a709$b00$aWILLIAM III., King of Great Britain and Ireland$tAppendix$p1568/9193.$x3513830106
=856  41$uhttp://books.google.com/books?vid=BL:A0022171861$yGoogle_Books
=883  0\$aLanguage codes assigned by Bayesian analysis of words present in record$d20181024$qUk$c0.997
=859  \\$aXLD$bDCW
=859  \\$aXLD$bGOOGLEBOOKS
=852  4\$cDRT$jDigital Store 1568/9193.$aBritish Library$bHMNTS
=985  \\$aCorrected by MS generated file for WR# 11/211
=985  \\$aCorrected by MS generated file for WR# 1805-0738
=CAT  \\$aBATCH-DCW$b00$c20170209$lBLL01$h0203
=CAT  \\$aBATCH-UPD$b00$c20170209$lBLL01$h0206
=CAT  \\$aWR14_057$b00$c20170504$lBLL01$h1853
=CAT  \\$aR1710-0956$b00$c20171108$lBLL01$h1746
=CAT  \\$a1805-0738$c20190111$lBLL01$h1756
=CAT  \\$a1805-0738$b00$c20190111$lBLL01$h1821
=CAT  \\$aW1903-1550$b00$c20190614$lBLL01$h1910
=CAT  \\$aBATCH-DCW$b00$c20230302$lBLL01$h1208
=FIN  \\$aY$d20170209
=LKR  \\$aPAR$lBLL01$r776$b002009336$mKorte beschryvinge van d'eere poorten in 'sGravenhage opgeregt tot de receptie van William de III. Coningh van Groot Brittannien. Met alle de devysen en inscriptien ... in de Latijnse tale ... En de vertalinge van de selve in 't Neerduyts.$nKorte beschryvinge van d'eere poorten in 'sGravenhage opgeregt tot de receptie van William de III. Coningh van Groot Brittannien. Met alle de devysen en inscriptien ... in de Latijnse tale ... En de vertalinge van de selve in 't Neerduyts.
=DGM  \\$a002009336$bCatBridge variable field
=DRT  \\$aDCW
=DRT  \\$aGOOGLEBOOKS
=SRC  \\$aDCW$bDCW_20230301
=SRC  \\$aGOOGLEBOOKS$bGoogleBooks_20170208
=OHC  \\$a1
=LAS  \\$aBATCH-DCW$b00$c20230302$lBLL01$h1208

